;; -*- mode: org; mode: beancount; -*-
;; Birth: 1980-05-12
;; Dates: 2018-01-01 - 2020-10-16
;; THIS FILE HAS BEEN AUTO-GENERATED.
* Options

option "title" "Example Beancount file"
option "operating_currency" "USD"




* Commodities


1792-01-01 commodity USD
  export: "CASH"
  name: "US Dollar"

1900-01-01 commodity VMMXX
  export: "MUTF:VMMXX (MONEY:USD)"

1980-05-12 commodity VACHR
  export: "IGNORE"
  name: "Employer Vacation Hours"

1980-05-12 commodity IRAUSD
  export: "IGNORE"
  name: "US 401k and IRA Contributions"

1995-09-18 commodity VBMPX
  export: "MUTF:VBMPX"
  name: "Vanguard Total Bond Market Index Fund Institutional Plus Shares"
  price: "USD:google/MUTF:VBMPX"

2004-01-20 commodity ITOT
  export: "NYSEARCA:ITOT"
  name: "iShares Core S&P Total U.S. Stock Market ETF"
  price: "USD:google/NYSEARCA:ITOT"

2004-01-26 commodity VHT
  export: "NYSEARCA:VHT"
  name: "Vanguard Health Care ETF"
  price: "USD:google/NYSEARCA:VHT"

2004-11-01 commodity GLD
  export: "NYSEARCA:GLD"
  name: "SPDR Gold Trust (ETF)"
  price: "USD:google/NYSEARCA:GLD"

2007-07-20 commodity VEA
  export: "NYSEARCA:VEA"
  name: "Vanguard FTSE Developed Markets ETF"
  price: "USD:google/NYSEARCA:VEA"

2009-05-01 commodity RGAGX
  export: "MUTF:RGAGX"
  name: "American Funds The Growth Fund of America Class R-6"
  price: "USD:google/MUTF:RGAGX"



* Equity Accounts

1980-05-12 open Equity:Opening-Balances
1980-05-12 open Liabilities:AccountsPayable



* Banking

2018-01-01 open Assets:US:BofA
  address: "123 America Street, LargeTown, USA"
  institution: "Bank of America"
  phone: "+1.012.345.6789"
2018-01-01 open Assets:US:BofA:Checking                        USD
  account: "00234-48574897"

2018-01-01 * "Opening Balance for checking account"
  Assets:US:BofA:Checking                         3344.50 USD
  Equity:Opening-Balances                        -3344.50 USD

2018-01-02 balance Assets:US:BofA:Checking        3344.50 USD

2018-01-03 * "RiverBank Properties" "Paying the rent"
  Assets:US:BofA:Checking                        -2400.00 USD
  Expenses:Home:Rent                              2400.00 USD

2018-01-04 * "BANK FEES" "Monthly bank fee"
  Assets:US:BofA:Checking                           -4.00 USD
  Expenses:Financial:Fees                            4.00 USD

2018-01-08 * "EDISON POWER" ""
  Assets:US:BofA:Checking                          -65.00 USD
  Expenses:Home:Electricity                         65.00 USD

2018-01-18 * "Verizon Wireless" ""
  Assets:US:BofA:Checking                          -56.14 USD
  Expenses:Home:Phone                               56.14 USD

2018-01-23 * "Wine-Tarner Cable" ""
  Assets:US:BofA:Checking                          -79.96 USD
  Expenses:Home:Internet                            79.96 USD

2018-01-29 balance Assets:US:BofA:Checking        3349.44 USD

2018-02-03 * "RiverBank Properties" "Paying the rent"
  Assets:US:BofA:Checking                        -2400.00 USD
  Expenses:Home:Rent                              2400.00 USD

2018-02-04 * "BANK FEES" "Monthly bank fee"
  Assets:US:BofA:Checking                           -4.00 USD
  Expenses:Financial:Fees                            4.00 USD

2018-02-09 * "EDISON POWER" ""
  Assets:US:BofA:Checking                          -65.00 USD
  Expenses:Home:Electricity                         65.00 USD

2018-02-19 * "Verizon Wireless" ""
  Assets:US:BofA:Checking                          -54.11 USD
  Expenses:Home:Phone                               54.11 USD

2018-02-23 * "Wine-Tarner Cable" ""
  Assets:US:BofA:Checking                          -79.97 USD
  Expenses:Home:Internet                            79.97 USD

2018-02-27 balance Assets:US:BofA:Checking        2793.70 USD

2018-03-04 * "BANK FEES" "Monthly bank fee"
  Assets:US:BofA:Checking                           -4.00 USD
  Expenses:Financial:Fees                            4.00 USD

2018-03-04 * "RiverBank Properties" "Paying the rent"
  Assets:US:BofA:Checking                        -2400.00 USD
  Expenses:Home:Rent                              2400.00 USD

2018-03-09 * "EDISON POWER" ""
  Assets:US:BofA:Checking                          -65.00 USD
  Expenses:Home:Electricity                         65.00 USD

2018-03-19 * "Verizon Wireless" ""
  Assets:US:BofA:Checking                          -59.70 USD
  Expenses:Home:Phone                               59.70 USD

2018-03-21 balance Assets:US:BofA:Checking        2477.72 USD

2018-03-21 * "Wine-Tarner Cable" ""
  Assets:US:BofA:Checking                          -80.20 USD
  Expenses:Home:Internet                            80.20 USD

2018-04-04 * "BANK FEES" "Monthly bank fee"
  Assets:US:BofA:Checking                           -4.00 USD
  Expenses:Financial:Fees                            4.00 USD

2018-04-04 * "RiverBank Properties" "Paying the rent"
  Assets:US:BofA:Checking                        -2400.00 USD
  Expenses:Home:Rent                              2400.00 USD

2018-04-09 * "EDISON POWER" ""
  Assets:US:BofA:Checking                          -65.00 USD
  Expenses:Home:Electricity                         65.00 USD

2018-04-14 balance Assets:US:BofA:Checking        1971.71 USD

2018-04-20 * "Verizon Wireless" ""
  Assets:US:BofA:Checking                          -72.19 USD
  Expenses:Home:Phone                               72.19 USD

2018-04-22 * "Wine-Tarner Cable" ""
  Assets:US:BofA:Checking                          -79.90 USD
  Expenses:Home:Internet                            79.90 USD

2018-05-04 * "BANK FEES" "Monthly bank fee"
  Assets:US:BofA:Checking                           -4.00 USD
  Expenses:Financial:Fees                            4.00 USD

2018-05-05 * "RiverBank Properties" "Paying the rent"
  Assets:US:BofA:Checking                        -2400.00 USD
  Expenses:Home:Rent                              2400.00 USD

2018-05-09 * "EDISON POWER" ""
  Assets:US:BofA:Checking                          -65.00 USD
  Expenses:Home:Electricity                         65.00 USD

2018-05-13 balance Assets:US:BofA:Checking        1350.60 USD

2018-05-18 * "Verizon Wireless" ""
  Assets:US:BofA:Checking                          -77.43 USD
  Expenses:Home:Phone                               77.43 USD

2018-05-23 * "Wine-Tarner Cable" ""
  Assets:US:BofA:Checking                          -80.00 USD
  Expenses:Home:Internet                            80.00 USD

2018-06-04 * "BANK FEES" "Monthly bank fee"
  Assets:US:BofA:Checking                           -4.00 USD
  Expenses:Financial:Fees                            4.00 USD

2018-06-04 * "RiverBank Properties" "Paying the rent"
  Assets:US:BofA:Checking                        -2400.00 USD
  Expenses:Home:Rent                              2400.00 USD

2018-06-06 balance Assets:US:BofA:Checking         139.77 USD

2018-06-09 * "EDISON POWER" ""
  Assets:US:BofA:Checking                          -65.00 USD
  Expenses:Home:Electricity                         65.00 USD

2018-06-19 * "Verizon Wireless" ""
  Assets:US:BofA:Checking                          -39.07 USD
  Expenses:Home:Phone                               39.07 USD

2018-06-21 * "Wine-Tarner Cable" ""
  Assets:US:BofA:Checking                          -79.94 USD
  Expenses:Home:Internet                            79.94 USD

2018-07-04 * "BANK FEES" "Monthly bank fee"
  Assets:US:BofA:Checking                           -4.00 USD
  Expenses:Financial:Fees                            4.00 USD

2018-07-05 balance Assets:US:BofA:Checking        1831.50 USD

2018-07-05 * "RiverBank Properties" "Paying the rent"
  Assets:US:BofA:Checking                        -2400.00 USD
  Expenses:Home:Rent                              2400.00 USD

2018-07-09 * "EDISON POWER" ""
  Assets:US:BofA:Checking                          -65.00 USD
  Expenses:Home:Electricity                         65.00 USD

2018-07-18 * "Verizon Wireless" ""
  Assets:US:BofA:Checking                          -65.05 USD
  Expenses:Home:Phone                               65.05 USD

2018-07-23 * "Wine-Tarner Cable" ""
  Assets:US:BofA:Checking                          -80.00 USD
  Expenses:Home:Internet                            80.00 USD

2018-07-25 balance Assets:US:BofA:Checking        1380.84 USD

2018-08-04 * "BANK FEES" "Monthly bank fee"
  Assets:US:BofA:Checking                           -4.00 USD
  Expenses:Financial:Fees                            4.00 USD

2018-08-06 * "RiverBank Properties" "Paying the rent"
  Assets:US:BofA:Checking                        -2400.00 USD
  Expenses:Home:Rent                              2400.00 USD

2018-08-08 * "EDISON POWER" ""
  Assets:US:BofA:Checking                          -65.00 USD
  Expenses:Home:Electricity                         65.00 USD

2018-08-19 * "Verizon Wireless" ""
  Assets:US:BofA:Checking                          -64.71 USD
  Expenses:Home:Phone                               64.71 USD

2018-08-23 * "Wine-Tarner Cable" ""
  Assets:US:BofA:Checking                          -80.03 USD
  Expenses:Home:Internet                            80.03 USD

2018-08-24 balance Assets:US:BofA:Checking        2724.06 USD

2018-09-04 * "BANK FEES" "Monthly bank fee"
  Assets:US:BofA:Checking                           -4.00 USD
  Expenses:Financial:Fees                            4.00 USD

2018-09-06 * "RiverBank Properties" "Paying the rent"
  Assets:US:BofA:Checking                        -2400.00 USD
  Expenses:Home:Rent                              2400.00 USD

2018-09-09 * "EDISON POWER" ""
  Assets:US:BofA:Checking                          -65.00 USD
  Expenses:Home:Electricity                         65.00 USD

2018-09-14 * "Transfering accumulated savings to other account"
  Assets:US:BofA:Checking                           -3500 USD
  Assets:US:ETrade:Cash                              3500 USD

2018-09-19 * "Verizon Wireless" ""
  Assets:US:BofA:Checking                          -44.08 USD
  Expenses:Home:Phone                               44.08 USD

2018-09-23 balance Assets:US:BofA:Checking        1096.07 USD

2018-09-23 * "Wine-Tarner Cable" ""
  Assets:US:BofA:Checking                          -80.11 USD
  Expenses:Home:Internet                            80.11 USD

2018-10-04 * "BANK FEES" "Monthly bank fee"
  Assets:US:BofA:Checking                           -4.00 USD
  Expenses:Financial:Fees                            4.00 USD

2018-10-04 * "RiverBank Properties" "Paying the rent"
  Assets:US:BofA:Checking                        -2400.00 USD
  Expenses:Home:Rent                              2400.00 USD

2018-10-09 * "EDISON POWER" ""
  Assets:US:BofA:Checking                          -65.00 USD
  Expenses:Home:Electricity                         65.00 USD

2018-10-14 balance Assets:US:BofA:Checking        2937.17 USD

2018-10-18 * "Verizon Wireless" ""
  Assets:US:BofA:Checking                          -48.96 USD
  Expenses:Home:Phone                               48.96 USD

2018-10-21 * "Wine-Tarner Cable" ""
  Assets:US:BofA:Checking                          -79.83 USD
  Expenses:Home:Internet                            79.83 USD

2018-11-03 * "RiverBank Properties" "Paying the rent"
  Assets:US:BofA:Checking                        -2400.00 USD
  Expenses:Home:Rent                              2400.00 USD

2018-11-04 * "BANK FEES" "Monthly bank fee"
  Assets:US:BofA:Checking                           -4.00 USD
  Expenses:Financial:Fees                            4.00 USD

2018-11-08 * "EDISON POWER" ""
  Assets:US:BofA:Checking                          -65.00 USD
  Expenses:Home:Electricity                         65.00 USD

2018-11-09 * "Transfering accumulated savings to other account"
  Assets:US:BofA:Checking                           -4500 USD
  Assets:US:ETrade:Cash                              4500 USD

2018-11-11 balance Assets:US:BofA:Checking         475.27 USD

2018-11-18 * "Verizon Wireless" ""
  Assets:US:BofA:Checking                          -60.80 USD
  Expenses:Home:Phone                               60.80 USD

2018-11-23 * "Wine-Tarner Cable" ""
  Assets:US:BofA:Checking                          -79.96 USD
  Expenses:Home:Internet                            79.96 USD

2018-12-04 * "BANK FEES" "Monthly bank fee"
  Assets:US:BofA:Checking                           -4.00 USD
  Expenses:Financial:Fees                            4.00 USD

2018-12-06 * "RiverBank Properties" "Paying the rent"
  Assets:US:BofA:Checking                        -2400.00 USD
  Expenses:Home:Rent                              2400.00 USD

2018-12-09 * "EDISON POWER" ""
  Assets:US:BofA:Checking                          -65.00 USD
  Expenses:Home:Electricity                         65.00 USD

2018-12-11 balance Assets:US:BofA:Checking        2440.33 USD

2018-12-19 * "Verizon Wireless" ""
  Assets:US:BofA:Checking                          -55.74 USD
  Expenses:Home:Phone                               55.74 USD

2018-12-23 * "Wine-Tarner Cable" ""
  Assets:US:BofA:Checking                          -80.07 USD
  Expenses:Home:Internet                            80.07 USD

2019-01-03 balance Assets:US:BofA:Checking        5136.66 USD

2019-01-04 * "BANK FEES" "Monthly bank fee"
  Assets:US:BofA:Checking                           -4.00 USD
  Expenses:Financial:Fees                            4.00 USD

2019-01-05 * "RiverBank Properties" "Paying the rent"
  Assets:US:BofA:Checking                        -2400.00 USD
  Expenses:Home:Rent                              2400.00 USD

2019-01-09 * "EDISON POWER" ""
  Assets:US:BofA:Checking                          -65.00 USD
  Expenses:Home:Electricity                         65.00 USD

2019-01-20 * "Verizon Wireless" ""
  Assets:US:BofA:Checking                          -50.41 USD
  Expenses:Home:Phone                               50.41 USD

2019-01-23 * "Wine-Tarner Cable" ""
  Assets:US:BofA:Checking                          -79.97 USD
  Expenses:Home:Internet                            79.97 USD

2019-01-24 balance Assets:US:BofA:Checking        4378.90 USD

2019-02-04 * "BANK FEES" "Monthly bank fee"
  Assets:US:BofA:Checking                           -4.00 USD
  Expenses:Financial:Fees                            4.00 USD

2019-02-06 * "RiverBank Properties" "Paying the rent"
  Assets:US:BofA:Checking                        -2400.00 USD
  Expenses:Home:Rent                              2400.00 USD

2019-02-08 * "EDISON POWER" ""
  Assets:US:BofA:Checking                          -65.00 USD
  Expenses:Home:Electricity                         65.00 USD

2019-02-15 balance Assets:US:BofA:Checking        4043.55 USD

2019-02-18 * "Verizon Wireless" ""
  Assets:US:BofA:Checking                          -58.81 USD
  Expenses:Home:Phone                               58.81 USD

2019-02-22 * "Wine-Tarner Cable" ""
  Assets:US:BofA:Checking                          -80.05 USD
  Expenses:Home:Internet                            80.05 USD

2019-03-03 * "RiverBank Properties" "Paying the rent"
  Assets:US:BofA:Checking                        -2400.00 USD
  Expenses:Home:Rent                              2400.00 USD

2019-03-04 * "BANK FEES" "Monthly bank fee"
  Assets:US:BofA:Checking                           -4.00 USD
  Expenses:Financial:Fees                            4.00 USD

2019-03-09 * "EDISON POWER" ""
  Assets:US:BofA:Checking                          -65.00 USD
  Expenses:Home:Electricity                         65.00 USD

2019-03-16 balance Assets:US:BofA:Checking        3388.00 USD

2019-03-20 * "Verizon Wireless" ""
  Assets:US:BofA:Checking                          -59.71 USD
  Expenses:Home:Phone                               59.71 USD

2019-03-21 * "Wine-Tarner Cable" ""
  Assets:US:BofA:Checking                          -80.05 USD
  Expenses:Home:Internet                            80.05 USD

2019-04-04 * "BANK FEES" "Monthly bank fee"
  Assets:US:BofA:Checking                           -4.00 USD
  Expenses:Financial:Fees                            4.00 USD

2019-04-05 * "RiverBank Properties" "Paying the rent"
  Assets:US:BofA:Checking                        -2400.00 USD
  Expenses:Home:Rent                              2400.00 USD

2019-04-09 balance Assets:US:BofA:Checking        1420.15 USD

2019-04-09 * "EDISON POWER" ""
  Assets:US:BofA:Checking                          -65.00 USD
  Expenses:Home:Electricity                         65.00 USD

2019-04-19 * "Verizon Wireless" ""
  Assets:US:BofA:Checking                          -70.06 USD
  Expenses:Home:Phone                               70.06 USD

2019-04-22 * "Wine-Tarner Cable" ""
  Assets:US:BofA:Checking                          -80.02 USD
  Expenses:Home:Internet                            80.02 USD

2019-05-04 balance Assets:US:BofA:Checking        3252.81 USD

2019-05-04 * "BANK FEES" "Monthly bank fee"
  Assets:US:BofA:Checking                           -4.00 USD
  Expenses:Financial:Fees                            4.00 USD

2019-05-04 * "RiverBank Properties" "Paying the rent"
  Assets:US:BofA:Checking                        -2400.00 USD
  Expenses:Home:Rent                              2400.00 USD

2019-05-08 * "EDISON POWER" ""
  Assets:US:BofA:Checking                          -65.00 USD
  Expenses:Home:Electricity                         65.00 USD

2019-05-18 * "Verizon Wireless" ""
  Assets:US:BofA:Checking                          -53.12 USD
  Expenses:Home:Phone                               53.12 USD

2019-05-21 * "Wine-Tarner Cable" ""
  Assets:US:BofA:Checking                          -79.98 USD
  Expenses:Home:Internet                            79.98 USD

2019-06-02 balance Assets:US:BofA:Checking        2936.83 USD

2019-06-04 * "BANK FEES" "Monthly bank fee"
  Assets:US:BofA:Checking                           -4.00 USD
  Expenses:Financial:Fees                            4.00 USD

2019-06-05 * "RiverBank Properties" "Paying the rent"
  Assets:US:BofA:Checking                        -2400.00 USD
  Expenses:Home:Rent                              2400.00 USD

2019-06-09 * "EDISON POWER" ""
  Assets:US:BofA:Checking                          -65.00 USD
  Expenses:Home:Electricity                         65.00 USD

2019-06-18 * "Verizon Wireless" ""
  Assets:US:BofA:Checking                          -48.25 USD
  Expenses:Home:Phone                               48.25 USD

2019-06-23 balance Assets:US:BofA:Checking        2660.15 USD

2019-06-23 * "Wine-Tarner Cable" ""
  Assets:US:BofA:Checking                          -79.95 USD
  Expenses:Home:Internet                            79.95 USD

2019-07-04 * "BANK FEES" "Monthly bank fee"
  Assets:US:BofA:Checking                           -4.00 USD
  Expenses:Financial:Fees                            4.00 USD

2019-07-04 * "RiverBank Properties" "Paying the rent"
  Assets:US:BofA:Checking                        -2400.00 USD
  Expenses:Home:Rent                              2400.00 USD

2019-07-09 * "EDISON POWER" ""
  Assets:US:BofA:Checking                          -65.00 USD
  Expenses:Home:Electricity                         65.00 USD

2019-07-14 balance Assets:US:BofA:Checking         730.51 USD

2019-07-19 * "Verizon Wireless" ""
  Assets:US:BofA:Checking                          -65.17 USD
  Expenses:Home:Phone                               65.17 USD

2019-07-23 * "Wine-Tarner Cable" ""
  Assets:US:BofA:Checking                          -80.09 USD
  Expenses:Home:Internet                            80.09 USD

2019-08-04 * "BANK FEES" "Monthly bank fee"
  Assets:US:BofA:Checking                           -4.00 USD
  Expenses:Financial:Fees                            4.00 USD

2019-08-04 * "RiverBank Properties" "Paying the rent"
  Assets:US:BofA:Checking                        -2400.00 USD
  Expenses:Home:Rent                              2400.00 USD

2019-08-06 balance Assets:US:BofA:Checking        1582.45 USD

2019-08-08 * "EDISON POWER" ""
  Assets:US:BofA:Checking                          -65.00 USD
  Expenses:Home:Electricity                         65.00 USD

2019-08-20 * "Verizon Wireless" ""
  Assets:US:BofA:Checking                          -58.24 USD
  Expenses:Home:Phone                               58.24 USD

2019-08-21 * "Wine-Tarner Cable" ""
  Assets:US:BofA:Checking                          -79.93 USD
  Expenses:Home:Internet                            79.93 USD

2019-08-28 balance Assets:US:BofA:Checking        3366.26 USD

2019-09-03 * "RiverBank Properties" "Paying the rent"
  Assets:US:BofA:Checking                        -2400.00 USD
  Expenses:Home:Rent                              2400.00 USD

2019-09-04 * "BANK FEES" "Monthly bank fee"
  Assets:US:BofA:Checking                           -4.00 USD
  Expenses:Financial:Fees                            4.00 USD

2019-09-08 * "EDISON POWER" ""
  Assets:US:BofA:Checking                          -65.00 USD
  Expenses:Home:Electricity                         65.00 USD

2019-09-13 * "Transfering accumulated savings to other account"
  Assets:US:BofA:Checking                           -5000 USD
  Assets:US:ETrade:Cash                              5000 USD

2019-09-19 * "Verizon Wireless" ""
  Assets:US:BofA:Checking                          -69.41 USD
  Expenses:Home:Phone                               69.41 USD

2019-09-22 * "Wine-Tarner Cable" ""
  Assets:US:BofA:Checking                          -79.95 USD
  Expenses:Home:Internet                            79.95 USD

2019-09-26 balance Assets:US:BofA:Checking         301.13 USD

2019-10-04 * "BANK FEES" "Monthly bank fee"
  Assets:US:BofA:Checking                           -4.00 USD
  Expenses:Financial:Fees                            4.00 USD

2019-10-06 * "RiverBank Properties" "Paying the rent"
  Assets:US:BofA:Checking                        -2400.00 USD
  Expenses:Home:Rent                              2400.00 USD

2019-10-08 * "EDISON POWER" ""
  Assets:US:BofA:Checking                          -65.00 USD
  Expenses:Home:Electricity                         65.00 USD

2019-10-19 * "Verizon Wireless" ""
  Assets:US:BofA:Checking                          -69.85 USD
  Expenses:Home:Phone                               69.85 USD

2019-10-22 * "Wine-Tarner Cable" ""
  Assets:US:BofA:Checking                          -80.02 USD
  Expenses:Home:Internet                            80.02 USD

2019-10-23 balance Assets:US:BofA:Checking        2101.47 USD

2019-11-04 * "BANK FEES" "Monthly bank fee"
  Assets:US:BofA:Checking                           -4.00 USD
  Expenses:Financial:Fees                            4.00 USD

2019-11-04 * "RiverBank Properties" "Paying the rent"
  Assets:US:BofA:Checking                        -2400.00 USD
  Expenses:Home:Rent                              2400.00 USD

2019-11-08 * "EDISON POWER" ""
  Assets:US:BofA:Checking                          -65.00 USD
  Expenses:Home:Electricity                         65.00 USD

2019-11-08 * "Transfering accumulated savings to other account"
  Assets:US:BofA:Checking                           -4000 USD
  Assets:US:ETrade:Cash                              4000 USD

2019-11-19 * "Verizon Wireless" ""
  Assets:US:BofA:Checking                          -43.02 USD
  Expenses:Home:Phone                               43.02 USD

2019-11-21 * "Wine-Tarner Cable" ""
  Assets:US:BofA:Checking                          -79.95 USD
  Expenses:Home:Internet                            79.95 USD

2019-11-22 balance Assets:US:BofA:Checking        2702.12 USD

2019-12-04 * "BANK FEES" "Monthly bank fee"
  Assets:US:BofA:Checking                           -4.00 USD
  Expenses:Financial:Fees                            4.00 USD

2019-12-05 * "RiverBank Properties" "Paying the rent"
  Assets:US:BofA:Checking                        -2400.00 USD
  Expenses:Home:Rent                              2400.00 USD

2019-12-09 * "EDISON POWER" ""
  Assets:US:BofA:Checking                          -65.00 USD
  Expenses:Home:Electricity                         65.00 USD

2019-12-13 balance Assets:US:BofA:Checking        2110.81 USD

2019-12-18 * "Verizon Wireless" ""
  Assets:US:BofA:Checking                          -55.15 USD
  Expenses:Home:Phone                               55.15 USD

2019-12-21 * "Wine-Tarner Cable" ""
  Assets:US:BofA:Checking                          -79.98 USD
  Expenses:Home:Internet                            79.98 USD

2020-01-03 * "RiverBank Properties" "Paying the rent"
  Assets:US:BofA:Checking                        -2400.00 USD
  Expenses:Home:Rent                              2400.00 USD

2020-01-04 * "BANK FEES" "Monthly bank fee"
  Assets:US:BofA:Checking                           -4.00 USD
  Expenses:Financial:Fees                            4.00 USD

2020-01-08 balance Assets:US:BofA:Checking        3754.42 USD

2020-01-08 * "EDISON POWER" ""
  Assets:US:BofA:Checking                          -65.00 USD
  Expenses:Home:Electricity                         65.00 USD

2020-01-18 * "Verizon Wireless" ""
  Assets:US:BofA:Checking                          -55.90 USD
  Expenses:Home:Phone                               55.90 USD

2020-01-22 * "Wine-Tarner Cable" ""
  Assets:US:BofA:Checking                          -80.04 USD
  Expenses:Home:Internet                            80.04 USD

2020-01-28 balance Assets:US:BofA:Checking        4246.55 USD

2020-02-04 * "BANK FEES" "Monthly bank fee"
  Assets:US:BofA:Checking                           -4.00 USD
  Expenses:Financial:Fees                            4.00 USD

2020-02-04 * "RiverBank Properties" "Paying the rent"
  Assets:US:BofA:Checking                        -2400.00 USD
  Expenses:Home:Rent                              2400.00 USD

2020-02-09 * "EDISON POWER" ""
  Assets:US:BofA:Checking                          -65.00 USD
  Expenses:Home:Electricity                         65.00 USD

2020-02-20 * "Verizon Wireless" ""
  Assets:US:BofA:Checking                          -63.37 USD
  Expenses:Home:Phone                               63.37 USD

2020-02-22 balance Assets:US:BofA:Checking        3858.53 USD

2020-02-22 * "Wine-Tarner Cable" ""
  Assets:US:BofA:Checking                          -79.94 USD
  Expenses:Home:Internet                            79.94 USD

2020-03-03 * "RiverBank Properties" "Paying the rent"
  Assets:US:BofA:Checking                        -2400.00 USD
  Expenses:Home:Rent                              2400.00 USD

2020-03-04 * "BANK FEES" "Monthly bank fee"
  Assets:US:BofA:Checking                           -4.00 USD
  Expenses:Financial:Fees                            4.00 USD

2020-03-08 * "EDISON POWER" ""
  Assets:US:BofA:Checking                          -65.00 USD
  Expenses:Home:Electricity                         65.00 USD

2020-03-18 balance Assets:US:BofA:Checking        3360.64 USD

2020-03-19 * "Verizon Wireless" ""
  Assets:US:BofA:Checking                          -64.23 USD
  Expenses:Home:Phone                               64.23 USD

2020-03-23 * "Wine-Tarner Cable" ""
  Assets:US:BofA:Checking                          -79.85 USD
  Expenses:Home:Internet                            79.85 USD

2020-04-04 * "BANK FEES" "Monthly bank fee"
  Assets:US:BofA:Checking                           -4.00 USD
  Expenses:Financial:Fees                            4.00 USD

2020-04-05 * "RiverBank Properties" "Paying the rent"
  Assets:US:BofA:Checking                        -2400.00 USD
  Expenses:Home:Rent                              2400.00 USD

2020-04-09 * "EDISON POWER" ""
  Assets:US:BofA:Checking                          -65.00 USD
  Expenses:Home:Electricity                         65.00 USD

2020-04-10 balance Assets:US:BofA:Checking        2006.92 USD

2020-04-18 * "Verizon Wireless" ""
  Assets:US:BofA:Checking                          -59.54 USD
  Expenses:Home:Phone                               59.54 USD

2020-04-22 * "Wine-Tarner Cable" ""
  Assets:US:BofA:Checking                          -80.04 USD
  Expenses:Home:Internet                            80.04 USD

2020-05-02 balance Assets:US:BofA:Checking        3217.94 USD

2020-05-04 * "BANK FEES" "Monthly bank fee"
  Assets:US:BofA:Checking                           -4.00 USD
  Expenses:Financial:Fees                            4.00 USD

2020-05-05 * "RiverBank Properties" "Paying the rent"
  Assets:US:BofA:Checking                        -2400.00 USD
  Expenses:Home:Rent                              2400.00 USD

2020-05-09 * "EDISON POWER" ""
  Assets:US:BofA:Checking                          -65.00 USD
  Expenses:Home:Electricity                         65.00 USD

2020-05-18 * "Verizon Wireless" ""
  Assets:US:BofA:Checking                          -70.79 USD
  Expenses:Home:Phone                               70.79 USD

2020-05-21 * "Wine-Tarner Cable" ""
  Assets:US:BofA:Checking                          -79.95 USD
  Expenses:Home:Internet                            79.95 USD

2020-05-25 balance Assets:US:BofA:Checking        2602.12 USD

2020-06-04 * "BANK FEES" "Monthly bank fee"
  Assets:US:BofA:Checking                           -4.00 USD
  Expenses:Financial:Fees                            4.00 USD

2020-06-06 * "RiverBank Properties" "Paying the rent"
  Assets:US:BofA:Checking                        -2400.00 USD
  Expenses:Home:Rent                              2400.00 USD

2020-06-09 * "EDISON POWER" ""
  Assets:US:BofA:Checking                          -65.00 USD
  Expenses:Home:Electricity                         65.00 USD

2020-06-18 * "Verizon Wireless" ""
  Assets:US:BofA:Checking                          -56.56 USD
  Expenses:Home:Phone                               56.56 USD

2020-06-19 balance Assets:US:BofA:Checking        2279.64 USD

2020-06-23 * "Wine-Tarner Cable" ""
  Assets:US:BofA:Checking                          -79.92 USD
  Expenses:Home:Internet                            79.92 USD

2020-07-04 * "BANK FEES" "Monthly bank fee"
  Assets:US:BofA:Checking                           -4.00 USD
  Expenses:Financial:Fees                            4.00 USD

2020-07-05 * "RiverBank Properties" "Paying the rent"
  Assets:US:BofA:Checking                        -2400.00 USD
  Expenses:Home:Rent                              2400.00 USD

2020-07-09 * "EDISON POWER" ""
  Assets:US:BofA:Checking                          -65.00 USD
  Expenses:Home:Electricity                         65.00 USD

2020-07-13 balance Assets:US:BofA:Checking         485.54 USD

2020-07-20 * "Verizon Wireless" ""
  Assets:US:BofA:Checking                          -75.93 USD
  Expenses:Home:Phone                               75.93 USD

2020-07-22 * "Wine-Tarner Cable" ""
  Assets:US:BofA:Checking                          -79.91 USD
  Expenses:Home:Internet                            79.91 USD

2020-08-04 * "BANK FEES" "Monthly bank fee"
  Assets:US:BofA:Checking                           -4.00 USD
  Expenses:Financial:Fees                            4.00 USD

2020-08-05 * "RiverBank Properties" "Paying the rent"
  Assets:US:BofA:Checking                        -2400.00 USD
  Expenses:Home:Rent                              2400.00 USD

2020-08-08 * "EDISON POWER" ""
  Assets:US:BofA:Checking                          -65.00 USD
  Expenses:Home:Electricity                         65.00 USD

2020-08-09 balance Assets:US:BofA:Checking         669.94 USD

2020-08-19 * "Verizon Wireless" ""
  Assets:US:BofA:Checking                          -55.40 USD
  Expenses:Home:Phone                               55.40 USD

2020-08-21 * "Wine-Tarner Cable" ""
  Assets:US:BofA:Checking                          -80.00 USD
  Expenses:Home:Internet                            80.00 USD

2020-09-02 balance Assets:US:BofA:Checking        5635.74 USD

2020-09-03 * "RiverBank Properties" "Paying the rent"
  Assets:US:BofA:Checking                        -2400.00 USD
  Expenses:Home:Rent                              2400.00 USD

2020-09-04 * "BANK FEES" "Monthly bank fee"
  Assets:US:BofA:Checking                           -4.00 USD
  Expenses:Financial:Fees                            4.00 USD

2020-09-09 * "EDISON POWER" ""
  Assets:US:BofA:Checking                          -65.00 USD
  Expenses:Home:Electricity                         65.00 USD

2020-09-11 * "Transfering accumulated savings to other account"
  Assets:US:BofA:Checking                           -4500 USD
  Assets:US:ETrade:Cash                              4500 USD

2020-09-18 * "Verizon Wireless" ""
  Assets:US:BofA:Checking                          -62.66 USD
  Expenses:Home:Phone                               62.66 USD

2020-09-22 * "Wine-Tarner Cable" ""
  Assets:US:BofA:Checking                          -80.05 USD
  Expenses:Home:Internet                            80.05 USD

2020-10-01 balance Assets:US:BofA:Checking        2830.82 USD

2020-10-04 * "BANK FEES" "Monthly bank fee"
  Assets:US:BofA:Checking                           -4.00 USD
  Expenses:Financial:Fees                            4.00 USD

2020-10-09 * "Transfering accumulated savings to other account"
  Assets:US:BofA:Checking                           -5000 USD
  Assets:US:ETrade:Cash                              5000 USD



* Credit-Cards

1980-05-12 open Liabilities:US:Chase:Slate                      USD

2018-01-05 * "Chichipotle" "Eating out after work"
  Liabilities:US:Chase:Slate                       -20.58 USD
  Expenses:Food:Restaurant                          20.58 USD

2018-01-08 * "Cafe Modagor" "Eating out "
  Liabilities:US:Chase:Slate                       -28.56 USD
  Expenses:Food:Restaurant                          28.56 USD

2018-01-09 * "Chase:Slate" "Paying off credit card"
  Liabilities:US:Chase:Slate                        91.16 USD
  Assets:US:BofA:Checking                          -91.16 USD

2018-01-13 * "Chichipotle" "Eating out with work buddies"
  Liabilities:US:Chase:Slate                       -42.02 USD
  Expenses:Food:Restaurant                          42.02 USD

2018-01-13 * "Corner Deli" "Buying groceries"
  Liabilities:US:Chase:Slate                       -70.09 USD
  Expenses:Food:Groceries                           70.09 USD

2018-01-18 * "Chichipotle" "Eating out with Joe"
  Liabilities:US:Chase:Slate                       -33.36 USD
  Expenses:Food:Restaurant                          33.36 USD

2018-01-21 * "Rose Flower" "Eating out with work buddies"
  Liabilities:US:Chase:Slate                       -28.08 USD
  Expenses:Food:Restaurant                          28.08 USD

2018-01-25 * "Chichipotle" "Eating out "
  Liabilities:US:Chase:Slate                       -14.93 USD
  Expenses:Food:Restaurant                          14.93 USD

2018-01-26 balance Liabilities:US:Chase:Slate     -146.46 USD

2018-01-28 * "Onion Market" "Buying groceries"
  Liabilities:US:Chase:Slate                       -87.92 USD
  Expenses:Food:Groceries                           87.92 USD

2018-01-28 * "Metro Transport Authority" "Tram tickets"
  Liabilities:US:Chase:Slate                      -120.00 USD
  Expenses:Transport:Tram                          120.00 USD

2018-01-29 * "Kin Soy" "Eating out with work buddies"
  Liabilities:US:Chase:Slate                       -31.90 USD
  Expenses:Food:Restaurant                          31.90 USD

2018-02-01 * "Uncle Boons" "Eating out after work"
  Liabilities:US:Chase:Slate                       -30.75 USD
  Expenses:Food:Restaurant                          30.75 USD

2018-02-02 * "Onion Market" "Buying groceries"
  Liabilities:US:Chase:Slate                       -68.33 USD
  Expenses:Food:Groceries                           68.33 USD

2018-02-06 * "Uncle Boons" "Eating out with Bill"
  Liabilities:US:Chase:Slate                       -27.70 USD
  Expenses:Food:Restaurant                          27.70 USD

2018-02-08 * "Jewel of Morroco" "Eating out with Joe"
  Liabilities:US:Chase:Slate                       -22.57 USD
  Expenses:Food:Restaurant                          22.57 USD

2018-02-08 * "Good Moods Market" "Buying groceries"
  Liabilities:US:Chase:Slate                       -57.94 USD
  Expenses:Food:Groceries                           57.94 USD

2018-02-09 * "China Garden" "Eating out with Joe"
  Liabilities:US:Chase:Slate                       -37.74 USD
  Expenses:Food:Restaurant                          37.74 USD

2018-02-11 * "Chase:Slate" "Paying off credit card"
  Liabilities:US:Chase:Slate                       653.86 USD
  Assets:US:BofA:Checking                         -653.86 USD

2018-02-14 * "Chichipotle" "Eating out "
  Liabilities:US:Chase:Slate                       -22.55 USD
  Expenses:Food:Restaurant                          22.55 USD

2018-02-16 * "Jewel of Morroco" "Eating out with Julie"
  Liabilities:US:Chase:Slate                       -40.76 USD
  Expenses:Food:Restaurant                          40.76 USD

2018-02-19 * "Goba Goba" "Eating out with Bill"
  Liabilities:US:Chase:Slate                       -39.96 USD
  Expenses:Food:Restaurant                          39.96 USD

2018-02-21 balance Liabilities:US:Chase:Slate      -80.72 USD

2018-02-22 * "Rose Flower" "Eating out "
  Liabilities:US:Chase:Slate                       -25.28 USD
  Expenses:Food:Restaurant                          25.28 USD

2018-02-27 * "China Garden" "Eating out with work buddies"
  Liabilities:US:Chase:Slate                       -33.31 USD
  Expenses:Food:Restaurant                          33.31 USD

2018-02-27 * "Metro Transport Authority" "Tram tickets"
  Liabilities:US:Chase:Slate                      -120.00 USD
  Expenses:Transport:Tram                          120.00 USD

2018-02-28 * "Onion Market" "Buying groceries"
  Liabilities:US:Chase:Slate                       -86.75 USD
  Expenses:Food:Groceries                           86.75 USD

2018-03-01 * "Cafe Modagor" "Eating out with Bill"
  Liabilities:US:Chase:Slate                       -14.62 USD
  Expenses:Food:Restaurant                          14.62 USD

2018-03-02 * "Cafe Modagor" "Eating out with Natasha"
  Liabilities:US:Chase:Slate                       -27.12 USD
  Expenses:Food:Restaurant                          27.12 USD

2018-03-04 * "Goba Goba" "Eating out after work"
  Liabilities:US:Chase:Slate                       -34.31 USD
  Expenses:Food:Restaurant                          34.31 USD

2018-03-08 * "Chichipotle" "Eating out "
  Liabilities:US:Chase:Slate                       -46.39 USD
  Expenses:Food:Restaurant                          46.39 USD

2018-03-10 * "Chase:Slate" "Paying off credit card"
  Liabilities:US:Chase:Slate                       488.48 USD
  Assets:US:BofA:Checking                         -488.48 USD

2018-03-11 * "Jewel of Morroco" "Eating out with Natasha"
  Liabilities:US:Chase:Slate                       -19.98 USD
  Expenses:Food:Restaurant                          19.98 USD

2018-03-13 balance Liabilities:US:Chase:Slate           0 USD

2018-03-13 * "Cafe Modagor" "Eating out "
  Liabilities:US:Chase:Slate                       -22.60 USD
  Expenses:Food:Restaurant                          22.60 USD

2018-03-13 * "Corner Deli" "Buying groceries"
  Liabilities:US:Chase:Slate                       -78.09 USD
  Expenses:Food:Groceries                           78.09 USD

2018-03-14 * "China Garden" "Eating out with Julie"
  Liabilities:US:Chase:Slate                       -15.34 USD
  Expenses:Food:Restaurant                          15.34 USD

2018-03-16 * "Goba Goba" "Eating out alone"
  Liabilities:US:Chase:Slate                       -49.53 USD
  Expenses:Food:Restaurant                          49.53 USD

2018-03-19 * "Goba Goba" "Eating out "
  Liabilities:US:Chase:Slate                       -12.90 USD
  Expenses:Food:Restaurant                          12.90 USD

2018-03-24 * "Uncle Boons" "Eating out alone"
  Liabilities:US:Chase:Slate                       -46.68 USD
  Expenses:Food:Restaurant                          46.68 USD

2018-03-26 * "Metro Transport Authority" "Tram tickets"
  Liabilities:US:Chase:Slate                      -120.00 USD
  Expenses:Transport:Tram                          120.00 USD

2018-03-29 * "China Garden" "Eating out with Joe"
  Liabilities:US:Chase:Slate                       -51.32 USD
  Expenses:Food:Restaurant                          51.32 USD

2018-03-30 * "Corner Deli" "Buying groceries"
  Liabilities:US:Chase:Slate                       -71.49 USD
  Expenses:Food:Groceries                           71.49 USD

2018-04-02 balance Liabilities:US:Chase:Slate     -467.95 USD

2018-04-03 * "Rose Flower" "Eating out with Julie"
  Liabilities:US:Chase:Slate                       -41.59 USD
  Expenses:Food:Restaurant                          41.59 USD

2018-04-05 * "Rose Flower" "Eating out after work"
  Liabilities:US:Chase:Slate                       -26.05 USD
  Expenses:Food:Restaurant                          26.05 USD

2018-04-05 * "Farmer Fresh" "Buying groceries"
  Liabilities:US:Chase:Slate                       -92.11 USD
  Expenses:Food:Groceries                           92.11 USD

2018-04-07 * "Chase:Slate" "Paying off credit card"
  Liabilities:US:Chase:Slate                       658.01 USD
  Assets:US:BofA:Checking                         -658.01 USD

2018-04-09 * "Cafe Modagor" "Eating out after work"
  Liabilities:US:Chase:Slate                       -30.31 USD
  Expenses:Food:Restaurant                          30.31 USD

2018-04-11 * "Kin Soy" "Eating out with Julie"
  Liabilities:US:Chase:Slate                       -22.96 USD
  Expenses:Food:Restaurant                          22.96 USD

2018-04-11 * "Onion Market" "Buying groceries"
  Liabilities:US:Chase:Slate                      -153.17 USD
  Expenses:Food:Groceries                          153.17 USD

2018-04-13 * "China Garden" "Eating out with Joe"
  Liabilities:US:Chase:Slate                       -17.92 USD
  Expenses:Food:Restaurant                          17.92 USD

2018-04-14 * "Jewel of Morroco" "Eating out alone"
  Liabilities:US:Chase:Slate                       -32.23 USD
  Expenses:Food:Restaurant                          32.23 USD

2018-04-18 * "Chichipotle" "Eating out after work"
  Liabilities:US:Chase:Slate                       -20.77 USD
  Expenses:Food:Restaurant                          20.77 USD

2018-04-20 * "Corner Deli" "Buying groceries"
  Liabilities:US:Chase:Slate                      -124.83 USD
  Expenses:Food:Groceries                          124.83 USD

2018-04-22 balance Liabilities:US:Chase:Slate     -371.88 USD

2018-04-22 * "Rose Flower" "Eating out "
  Liabilities:US:Chase:Slate                       -23.47 USD
  Expenses:Food:Restaurant                          23.47 USD

2018-04-24 * "Metro Transport Authority" "Tram tickets"
  Liabilities:US:Chase:Slate                      -120.00 USD
  Expenses:Transport:Tram                          120.00 USD

2018-04-25 * "China Garden" "Eating out alone"
  Liabilities:US:Chase:Slate                       -27.37 USD
  Expenses:Food:Restaurant                          27.37 USD

2018-04-29 * "Cafe Modagor" "Eating out "
  Liabilities:US:Chase:Slate                       -24.29 USD
  Expenses:Food:Restaurant                          24.29 USD

2018-05-01 * "Chichipotle" "Eating out after work"
  Liabilities:US:Chase:Slate                       -23.50 USD
  Expenses:Food:Restaurant                          23.50 USD

2018-05-03 * "Uncle Boons" "Eating out with Joe"
  Liabilities:US:Chase:Slate                       -16.86 USD
  Expenses:Food:Restaurant                          16.86 USD

2018-05-05 * "Rose Flower" "Eating out after work"
  Liabilities:US:Chase:Slate                       -36.17 USD
  Expenses:Food:Restaurant                          36.17 USD

2018-05-07 * "Chase:Slate" "Paying off credit card"
  Liabilities:US:Chase:Slate                       701.22 USD
  Assets:US:BofA:Checking                         -701.22 USD

2018-05-09 * "Kin Soy" "Eating out with Bill"
  Liabilities:US:Chase:Slate                       -57.68 USD
  Expenses:Food:Restaurant                          57.68 USD

2018-05-09 * "Good Moods Market" "Buying groceries"
  Liabilities:US:Chase:Slate                       -80.09 USD
  Expenses:Food:Groceries                           80.09 USD

2018-05-13 * "Kin Soy" "Eating out with Julie"
  Liabilities:US:Chase:Slate                       -16.76 USD
  Expenses:Food:Restaurant                          16.76 USD

2018-05-18 balance Liabilities:US:Chase:Slate      -96.85 USD

2018-05-18 * "China Garden" "Eating out with Julie"
  Liabilities:US:Chase:Slate                       -51.35 USD
  Expenses:Food:Restaurant                          51.35 USD

2018-05-18 * "Good Moods Market" "Buying groceries"
  Liabilities:US:Chase:Slate                       -55.72 USD
  Expenses:Food:Groceries                           55.72 USD

2018-05-20 * "Kin Soy" "Eating out with Bill"
  Liabilities:US:Chase:Slate                       -21.37 USD
  Expenses:Food:Restaurant                          21.37 USD

2018-05-21 * "Metro Transport Authority" "Tram tickets"
  Liabilities:US:Chase:Slate                      -120.00 USD
  Expenses:Transport:Tram                          120.00 USD

2018-05-22 * "Uncle Boons" "Eating out with Natasha"
  Liabilities:US:Chase:Slate                       -32.53 USD
  Expenses:Food:Restaurant                          32.53 USD

2018-05-25 * "Good Moods Market" "Buying groceries"
  Liabilities:US:Chase:Slate                      -115.36 USD
  Expenses:Food:Groceries                          115.36 USD

2018-05-26 * "Cafe Modagor" "Eating out with Julie"
  Liabilities:US:Chase:Slate                       -21.92 USD
  Expenses:Food:Restaurant                          21.92 USD

2018-05-28 * "Goba Goba" "Eating out with Julie"
  Liabilities:US:Chase:Slate                       -42.26 USD
  Expenses:Food:Restaurant                          42.26 USD

2018-05-31 * "Corner Deli" "Buying groceries"
  Liabilities:US:Chase:Slate                       -87.16 USD
  Expenses:Food:Groceries                           87.16 USD

2018-06-02 * "China Garden" "Eating out "
  Liabilities:US:Chase:Slate                       -36.11 USD
  Expenses:Food:Restaurant                          36.11 USD

2018-06-03 * "Goba Goba" "Eating out "
  Liabilities:US:Chase:Slate                       -38.70 USD
  Expenses:Food:Restaurant                          38.70 USD

2018-06-05 * "Good Moods Market" "Buying groceries"
  Liabilities:US:Chase:Slate                       -73.66 USD
  Expenses:Food:Groceries                           73.66 USD

2018-06-07 * "Chase:Slate" "Paying off credit card"
  Liabilities:US:Chase:Slate                       821.46 USD
  Assets:US:BofA:Checking                         -821.46 USD

2018-06-08 * "Kin Soy" "Eating out "
  Liabilities:US:Chase:Slate                       -28.47 USD
  Expenses:Food:Restaurant                          28.47 USD

2018-06-13 * "Jewel of Morroco" "Eating out with Joe"
  Liabilities:US:Chase:Slate                       -35.62 USD
  Expenses:Food:Restaurant                          35.62 USD

2018-06-13 * "Good Moods Market" "Buying groceries"
  Liabilities:US:Chase:Slate                       -92.86 USD
  Expenses:Food:Groceries                           92.86 USD

2018-06-16 balance Liabilities:US:Chase:Slate     -128.48 USD

2018-06-18 * "Chichipotle" "Eating out after work"
  Liabilities:US:Chase:Slate                       -24.24 USD
  Expenses:Food:Restaurant                          24.24 USD

2018-06-19 * "Metro Transport Authority" "Tram tickets"
  Liabilities:US:Chase:Slate                      -120.00 USD
  Expenses:Transport:Tram                          120.00 USD

2018-06-21 * "Goba Goba" "Eating out with Joe"
  Liabilities:US:Chase:Slate                       -15.99 USD
  Expenses:Food:Restaurant                          15.99 USD

2018-06-26 * "Jewel of Morroco" "Eating out with Joe"
  Liabilities:US:Chase:Slate                       -20.31 USD
  Expenses:Food:Restaurant                          20.31 USD

2018-06-27 * "Goba Goba" "Eating out alone"
  Liabilities:US:Chase:Slate                       -44.41 USD
  Expenses:Food:Restaurant                          44.41 USD

2018-06-27 * "Good Moods Market" "Buying groceries"
  Liabilities:US:Chase:Slate                       -77.33 USD
  Expenses:Food:Groceries                           77.33 USD

2018-06-28 * "Rose Flower" "Eating out with Joe"
  Liabilities:US:Chase:Slate                       -31.68 USD
  Expenses:Food:Restaurant                          31.68 USD

2018-07-03 * "Goba Goba" "Eating out after work"
  Liabilities:US:Chase:Slate                       -45.21 USD
  Expenses:Food:Restaurant                          45.21 USD

2018-07-07 * "Chase:Slate" "Paying off credit card"
  Liabilities:US:Chase:Slate                       541.81 USD
  Assets:US:BofA:Checking                         -541.81 USD

2018-07-08 * "Jewel of Morroco" "Eating out after work"
  Liabilities:US:Chase:Slate                       -34.16 USD
  Expenses:Food:Restaurant                          34.16 USD

2018-07-11 * "Jewel of Morroco" "Eating out with Joe"
  Liabilities:US:Chase:Slate                       -32.21 USD
  Expenses:Food:Restaurant                          32.21 USD

2018-07-14 * "Rose Flower" "Eating out with Natasha"
  Liabilities:US:Chase:Slate                       -46.02 USD
  Expenses:Food:Restaurant                          46.02 USD

2018-07-16 balance Liabilities:US:Chase:Slate      -78.23 USD

2018-07-17 * "China Garden" "Eating out with Bill"
  Liabilities:US:Chase:Slate                       -44.64 USD
  Expenses:Food:Restaurant                          44.64 USD

2018-07-17 * "Corner Deli" "Buying groceries"
  Liabilities:US:Chase:Slate                      -103.44 USD
  Expenses:Food:Groceries                          103.44 USD

2018-07-17 * "Metro Transport Authority" "Tram tickets"
  Liabilities:US:Chase:Slate                      -120.00 USD
  Expenses:Transport:Tram                          120.00 USD

2018-07-21 * "Jewel of Morroco" "Eating out with work buddies"
  Liabilities:US:Chase:Slate                       -27.71 USD
  Expenses:Food:Restaurant                          27.71 USD

2018-07-22 * "Uncle Boons" "Eating out with Joe"
  Liabilities:US:Chase:Slate                       -16.67 USD
  Expenses:Food:Restaurant                          16.67 USD

2018-07-24 * "Goba Goba" "Eating out with Julie"
  Liabilities:US:Chase:Slate                       -30.30 USD
  Expenses:Food:Restaurant                          30.30 USD

2018-07-27 * "Chichipotle" "Eating out with work buddies"
  Liabilities:US:Chase:Slate                       -45.91 USD
  Expenses:Food:Restaurant                          45.91 USD

2018-07-29 * "Goba Goba" "Eating out with Natasha"
  Liabilities:US:Chase:Slate                       -22.59 USD
  Expenses:Food:Restaurant                          22.59 USD

2018-08-03 * "Kin Soy" "Eating out with Joe"
  Liabilities:US:Chase:Slate                       -36.18 USD
  Expenses:Food:Restaurant                          36.18 USD

2018-08-03 * "Corner Deli" "Buying groceries"
  Liabilities:US:Chase:Slate                       -50.65 USD
  Expenses:Food:Groceries                           50.65 USD

2018-08-05 * "Kin Soy" "Eating out with Julie"
  Liabilities:US:Chase:Slate                       -45.76 USD
  Expenses:Food:Restaurant                          45.76 USD

2018-08-06 balance Liabilities:US:Chase:Slate     -622.08 USD

2018-08-08 * "Chase:Slate" "Paying off credit card"
  Liabilities:US:Chase:Slate                       644.24 USD
  Assets:US:BofA:Checking                         -644.24 USD

2018-08-09 * "China Garden" "Eating out "
  Liabilities:US:Chase:Slate                       -22.16 USD
  Expenses:Food:Restaurant                          22.16 USD

2018-08-11 * "Uncle Boons" "Eating out alone"
  Liabilities:US:Chase:Slate                       -24.81 USD
  Expenses:Food:Restaurant                          24.81 USD

2018-08-12 * "Goba Goba" "Eating out after work"
  Liabilities:US:Chase:Slate                       -20.20 USD
  Expenses:Food:Restaurant                          20.20 USD

2018-08-16 * "Uncle Boons" "Eating out alone"
  Liabilities:US:Chase:Slate                       -41.29 USD
  Expenses:Food:Restaurant                          41.29 USD

2018-08-16 * "Metro Transport Authority" "Tram tickets"
  Liabilities:US:Chase:Slate                      -120.00 USD
  Expenses:Transport:Tram                          120.00 USD

2018-08-19 * "Jewel of Morroco" "Eating out after work"
  Liabilities:US:Chase:Slate                       -26.87 USD
  Expenses:Food:Restaurant                          26.87 USD

2018-08-23 * "Corner Deli" "Buying groceries"
  Liabilities:US:Chase:Slate                      -115.69 USD
  Expenses:Food:Groceries                          115.69 USD

2018-08-24 * "Rose Flower" "Eating out after work"
  Liabilities:US:Chase:Slate                       -32.16 USD
  Expenses:Food:Restaurant                          32.16 USD

2018-08-26 * "Uncle Boons" "Eating out alone"
  Liabilities:US:Chase:Slate                       -27.54 USD
  Expenses:Food:Restaurant                          27.54 USD

2018-08-29 * "China Garden" "Eating out "
  Liabilities:US:Chase:Slate                       -61.20 USD
  Expenses:Food:Restaurant                          61.20 USD

2018-09-02 balance Liabilities:US:Chase:Slate     -469.76 USD

2018-09-02 * "Rose Flower" "Eating out with Natasha"
  Liabilities:US:Chase:Slate                       -38.10 USD
  Expenses:Food:Restaurant                          38.10 USD

2018-09-03 * "Chichipotle" "Eating out with Joe"
  Liabilities:US:Chase:Slate                       -26.43 USD
  Expenses:Food:Restaurant                          26.43 USD

2018-09-04 * "Corner Deli" "Buying groceries"
  Liabilities:US:Chase:Slate                       -77.59 USD
  Expenses:Food:Groceries                           77.59 USD

2018-09-05 * "Goba Goba" "Eating out alone"
  Liabilities:US:Chase:Slate                       -52.47 USD
  Expenses:Food:Restaurant                          52.47 USD

2018-09-07 * "China Garden" "Eating out "
  Liabilities:US:Chase:Slate                       -51.76 USD
  Expenses:Food:Restaurant                          51.76 USD

2018-09-07 * "Chase:Slate" "Paying off credit card"
  Liabilities:US:Chase:Slate                       716.11 USD
  Assets:US:BofA:Checking                         -716.11 USD

2018-09-08 * "Kin Soy" "Eating out with Natasha"
  Liabilities:US:Chase:Slate                       -40.75 USD
  Expenses:Food:Restaurant                          40.75 USD

2018-09-09 * "Uncle Boons" "Eating out with Joe"
  Liabilities:US:Chase:Slate                       -27.68 USD
  Expenses:Food:Restaurant                          27.68 USD

2018-09-12 * "Farmer Fresh" "Buying groceries"
  Liabilities:US:Chase:Slate                       -65.42 USD
  Expenses:Food:Groceries                           65.42 USD

2018-09-13 * "Metro Transport Authority" "Tram tickets"
  Liabilities:US:Chase:Slate                      -120.00 USD
  Expenses:Transport:Tram                          120.00 USD

2018-09-14 * "Cafe Modagor" "Eating out with Bill"
  Liabilities:US:Chase:Slate                       -34.68 USD
  Expenses:Food:Restaurant                          34.68 USD

2018-09-16 * "Rose Flower" "Eating out "
  Liabilities:US:Chase:Slate                       -26.27 USD
  Expenses:Food:Restaurant                          26.27 USD

2018-09-18 * "Onion Market" "Buying groceries"
  Liabilities:US:Chase:Slate                      -102.14 USD
  Expenses:Food:Groceries                          102.14 USD

2018-09-20 * "Kin Soy" "Eating out alone"
  Liabilities:US:Chase:Slate                       -20.63 USD
  Expenses:Food:Restaurant                          20.63 USD

2018-09-23 * "Goba Goba" "Eating out with work buddies"
  Liabilities:US:Chase:Slate                       -26.93 USD
  Expenses:Food:Restaurant                          26.93 USD

2018-09-24 * "Uncle Boons" "Eating out with Joe"
  Liabilities:US:Chase:Slate                       -28.81 USD
  Expenses:Food:Restaurant                          28.81 USD

2018-09-26 balance Liabilities:US:Chase:Slate     -493.31 USD

2018-09-29 * "Chichipotle" "Eating out with Joe"
  Liabilities:US:Chase:Slate                       -60.99 USD
  Expenses:Food:Restaurant                          60.99 USD

2018-10-03 * "Corner Deli" "Buying groceries"
  Liabilities:US:Chase:Slate                       -59.09 USD
  Expenses:Food:Groceries                           59.09 USD

2018-10-04 * "Rose Flower" "Eating out "
  Liabilities:US:Chase:Slate                       -32.57 USD
  Expenses:Food:Restaurant                          32.57 USD

2018-10-09 * "Goba Goba" "Eating out "
  Liabilities:US:Chase:Slate                       -30.16 USD
  Expenses:Food:Restaurant                          30.16 USD

2018-10-10 * "Cafe Modagor" "Eating out "
  Liabilities:US:Chase:Slate                       -34.87 USD
  Expenses:Food:Restaurant                          34.87 USD

2018-10-10 * "Chase:Slate" "Paying off credit card"
  Liabilities:US:Chase:Slate                       710.99 USD
  Assets:US:BofA:Checking                         -710.99 USD

2018-10-11 * "Jewel of Morroco" "Eating out alone"
  Liabilities:US:Chase:Slate                       -31.29 USD
  Expenses:Food:Restaurant                          31.29 USD

2018-10-13 * "Rose Flower" "Eating out with Joe"
  Liabilities:US:Chase:Slate                       -15.17 USD
  Expenses:Food:Restaurant                          15.17 USD

2018-10-14 * "China Garden" "Eating out after work"
  Liabilities:US:Chase:Slate                       -65.77 USD
  Expenses:Food:Restaurant                          65.77 USD

2018-10-15 * "Metro Transport Authority" "Tram tickets"
  Liabilities:US:Chase:Slate                      -120.00 USD
  Expenses:Transport:Tram                          120.00 USD

2018-10-17 * "Goba Goba" "Eating out alone"
  Liabilities:US:Chase:Slate                       -18.99 USD
  Expenses:Food:Restaurant                          18.99 USD

2018-10-19 * "Farmer Fresh" "Buying groceries"
  Liabilities:US:Chase:Slate                       -80.57 USD
  Expenses:Food:Groceries                           80.57 USD

2018-10-21 event "location" "Boston"

2018-10-22 balance Liabilities:US:Chase:Slate     -331.79 USD

2018-10-22 * "Starbucks" "" #trip-boston-2018
  Liabilities:US:Chase:Slate                        -5.99 USD
  Expenses:Food:Coffee                               5.99 USD

2018-10-23 * "Starbucks" "" #trip-boston-2018
  Liabilities:US:Chase:Slate                        -6.96 USD
  Expenses:Food:Coffee                               6.96 USD

2018-10-25 * "Starbucks" "" #trip-boston-2018
  Liabilities:US:Chase:Slate                        -6.76 USD
  Expenses:Food:Coffee                               6.76 USD

2018-10-27 * "Franklin Cafe" "" #trip-boston-2018
  Liabilities:US:Chase:Slate                       -24.90 USD
  Expenses:Food:Restaurant                          24.90 USD

2018-10-27 * "Starbucks" "" #trip-boston-2018
  Liabilities:US:Chase:Slate                        -6.53 USD
  Expenses:Food:Coffee                               6.53 USD

2018-10-28 * "Giacomo's Restaurant" "" #trip-boston-2018
  Liabilities:US:Chase:Slate                       -37.02 USD
  Expenses:Food:Restaurant                          37.02 USD

2018-10-28 * "Legal Seafood" "" #trip-boston-2018
  Liabilities:US:Chase:Slate                       -32.06 USD
  Expenses:Food:Restaurant                          32.06 USD

2018-10-29 * "Starbucks" "" #trip-boston-2018
  Liabilities:US:Chase:Slate                        -5.73 USD
  Expenses:Food:Coffee                               5.73 USD

2018-10-30 * "Giacomo's Restaurant" "" #trip-boston-2018
  Liabilities:US:Chase:Slate                       -47.34 USD
  Expenses:Food:Restaurant                          47.34 USD

2018-10-30 * "Legal Seafood" "" #trip-boston-2018
  Liabilities:US:Chase:Slate                       -31.66 USD
  Expenses:Food:Restaurant                          31.66 USD

2018-10-30 * "Franklin Cafe" "" #trip-boston-2018
  Liabilities:US:Chase:Slate                       -33.63 USD
  Expenses:Food:Restaurant                          33.63 USD

2018-11-01 * "Franklin Cafe" "" #trip-boston-2018
  Liabilities:US:Chase:Slate                       -24.24 USD
  Expenses:Food:Restaurant                          24.24 USD

2018-11-02 * "Starbucks" "" #trip-boston-2018
  Liabilities:US:Chase:Slate                        -5.68 USD
  Expenses:Food:Coffee                               5.68 USD

2018-11-03 * "Legal Seafood" "" #trip-boston-2018
  Liabilities:US:Chase:Slate                       -44.72 USD
  Expenses:Food:Restaurant                          44.72 USD

2018-11-03 * "Starbucks" "" #trip-boston-2018
  Liabilities:US:Chase:Slate                        -5.68 USD
  Expenses:Food:Coffee                               5.68 USD

2018-11-03 * "Consume vacation days"
  Assets:US:Hoogle:Vacation                          -104 VACHR
  Expenses:Vacation                                   104 VACHR

2018-11-03 event "location" "New Metropolis"

2018-11-04 * "Rose Flower" "Eating out "
  Liabilities:US:Chase:Slate                       -57.25 USD
  Expenses:Food:Restaurant                          57.25 USD

2018-11-07 * "Rose Flower" "Eating out with work buddies"
  Liabilities:US:Chase:Slate                       -16.09 USD
  Expenses:Food:Restaurant                          16.09 USD

2018-11-09 * "Chase:Slate" "Paying off credit card"
  Liabilities:US:Chase:Slate                       465.31 USD
  Assets:US:BofA:Checking                         -465.31 USD

2018-11-10 * "Onion Market" "Buying groceries"
  Liabilities:US:Chase:Slate                       -60.18 USD
  Expenses:Food:Groceries                           60.18 USD

2018-11-12 * "Uncle Boons" "Eating out with Natasha"
  Liabilities:US:Chase:Slate                       -33.81 USD
  Expenses:Food:Restaurant                          33.81 USD

2018-11-14 * "Uncle Boons" "Eating out with Bill"
  Liabilities:US:Chase:Slate                       -25.04 USD
  Expenses:Food:Restaurant                          25.04 USD

2018-11-15 balance Liabilities:US:Chase:Slate     -377.75 USD

2018-11-16 * "Metro Transport Authority" "Tram tickets"
  Liabilities:US:Chase:Slate                      -120.00 USD
  Expenses:Transport:Tram                          120.00 USD

2018-11-18 * "Uncle Boons" "Eating out with work buddies"
  Liabilities:US:Chase:Slate                       -29.96 USD
  Expenses:Food:Restaurant                          29.96 USD

2018-11-19 * "Chichipotle" "Eating out "
  Liabilities:US:Chase:Slate                       -27.29 USD
  Expenses:Food:Restaurant                          27.29 USD

2018-11-19 * "Farmer Fresh" "Buying groceries"
  Liabilities:US:Chase:Slate                       -45.77 USD
  Expenses:Food:Groceries                           45.77 USD

2018-11-23 * "Jewel of Morroco" "Eating out with Julie"
  Liabilities:US:Chase:Slate                       -25.36 USD
  Expenses:Food:Restaurant                          25.36 USD

2018-11-26 * "Goba Goba" "Eating out with Joe"
  Liabilities:US:Chase:Slate                       -41.27 USD
  Expenses:Food:Restaurant                          41.27 USD

2018-11-30 * "Jewel of Morroco" "Eating out after work"
  Liabilities:US:Chase:Slate                       -24.67 USD
  Expenses:Food:Restaurant                          24.67 USD

2018-12-03 * "Uncle Boons" "Eating out with work buddies"
  Liabilities:US:Chase:Slate                       -18.29 USD
  Expenses:Food:Restaurant                          18.29 USD

2018-12-05 balance Liabilities:US:Chase:Slate     -710.36 USD

2018-12-05 * "Good Moods Market" "Buying groceries"
  Liabilities:US:Chase:Slate                       -97.66 USD
  Expenses:Food:Groceries                           97.66 USD

2018-12-07 * "Jewel of Morroco" "Eating out "
  Liabilities:US:Chase:Slate                       -44.21 USD
  Expenses:Food:Restaurant                          44.21 USD

2018-12-08 * "Kin Soy" "Eating out with Julie"
  Liabilities:US:Chase:Slate                       -31.51 USD
  Expenses:Food:Restaurant                          31.51 USD

2018-12-08 * "Chase:Slate" "Paying off credit card"
  Liabilities:US:Chase:Slate                       564.84 USD
  Assets:US:BofA:Checking                         -564.84 USD

2018-12-10 * "Uncle Boons" "Eating out with Bill"
  Liabilities:US:Chase:Slate                       -23.20 USD
  Expenses:Food:Restaurant                          23.20 USD

2018-12-12 * "Goba Goba" "Eating out with Julie"
  Liabilities:US:Chase:Slate                       -25.07 USD
  Expenses:Food:Restaurant                          25.07 USD

2018-12-13 * "Chichipotle" "Eating out with work buddies"
  Liabilities:US:Chase:Slate                       -33.60 USD
  Expenses:Food:Restaurant                          33.60 USD

2018-12-14 * "Chichipotle" "Eating out with Natasha"
  Liabilities:US:Chase:Slate                       -24.43 USD
  Expenses:Food:Restaurant                          24.43 USD

2018-12-14 * "Corner Deli" "Buying groceries"
  Liabilities:US:Chase:Slate                       -67.19 USD
  Expenses:Food:Groceries                           67.19 USD

2018-12-17 * "Goba Goba" "Eating out with Natasha"
  Liabilities:US:Chase:Slate                       -21.99 USD
  Expenses:Food:Restaurant                          21.99 USD

2018-12-18 * "Rose Flower" "Eating out with Joe"
  Liabilities:US:Chase:Slate                       -26.49 USD
  Expenses:Food:Restaurant                          26.49 USD

2018-12-19 * "Metro Transport Authority" "Tram tickets"
  Liabilities:US:Chase:Slate                      -120.00 USD
  Expenses:Transport:Tram                          120.00 USD

2018-12-20 * "Corner Deli" "Buying groceries"
  Liabilities:US:Chase:Slate                       -85.61 USD
  Expenses:Food:Groceries                           85.61 USD

2018-12-22 * "Cafe Modagor" "Eating out with Natasha"
  Liabilities:US:Chase:Slate                       -26.79 USD
  Expenses:Food:Restaurant                          26.79 USD

2018-12-25 * "Chichipotle" "Eating out "
  Liabilities:US:Chase:Slate                       -35.98 USD
  Expenses:Food:Restaurant                          35.98 USD

2018-12-28 balance Liabilities:US:Chase:Slate     -809.25 USD

2018-12-30 * "Chichipotle" "Eating out after work"
  Liabilities:US:Chase:Slate                       -35.96 USD
  Expenses:Food:Restaurant                          35.96 USD

2018-12-31 * "Corner Deli" "Buying groceries"
  Liabilities:US:Chase:Slate                       -96.53 USD
  Expenses:Food:Groceries                           96.53 USD

2019-01-01 * "Goba Goba" "Eating out with Julie"
  Liabilities:US:Chase:Slate                       -45.85 USD
  Expenses:Food:Restaurant                          45.85 USD

2019-01-02 * "China Garden" "Eating out with Bill"
  Liabilities:US:Chase:Slate                       -39.56 USD
  Expenses:Food:Restaurant                          39.56 USD

2019-01-06 * "Goba Goba" "Eating out with work buddies"
  Liabilities:US:Chase:Slate                       -34.29 USD
  Expenses:Food:Restaurant                          34.29 USD

2019-01-06 * "Farmer Fresh" "Buying groceries"
  Liabilities:US:Chase:Slate                      -103.95 USD
  Expenses:Food:Groceries                          103.95 USD

2019-01-08 * "Chase:Slate" "Paying off credit card"
  Liabilities:US:Chase:Slate                       859.58 USD
  Assets:US:BofA:Checking                         -859.58 USD

2019-01-10 * "Cafe Modagor" "Eating out "
  Liabilities:US:Chase:Slate                       -13.09 USD
  Expenses:Food:Restaurant                          13.09 USD

2019-01-14 * "Rose Flower" "Eating out with Bill"
  Liabilities:US:Chase:Slate                       -28.15 USD
  Expenses:Food:Restaurant                          28.15 USD

2019-01-17 * "Metro Transport Authority" "Tram tickets"
  Liabilities:US:Chase:Slate                      -120.00 USD
  Expenses:Transport:Tram                          120.00 USD

2019-01-18 * "China Garden" "Eating out with Bill"
  Liabilities:US:Chase:Slate                       -53.27 USD
  Expenses:Food:Restaurant                          53.27 USD

2019-01-18 * "Good Moods Market" "Buying groceries"
  Liabilities:US:Chase:Slate                       -61.94 USD
  Expenses:Food:Groceries                           61.94 USD

2019-01-19 * "Cafe Modagor" "Eating out with Bill"
  Liabilities:US:Chase:Slate                       -34.27 USD
  Expenses:Food:Restaurant                          34.27 USD

2019-01-22 * "Kin Soy" "Eating out with Joe"
  Liabilities:US:Chase:Slate                       -67.80 USD
  Expenses:Food:Restaurant                          67.80 USD

2019-01-23 balance Liabilities:US:Chase:Slate     -684.33 USD

2019-01-27 * "Rose Flower" "Eating out with Julie"
  Liabilities:US:Chase:Slate                       -22.14 USD
  Expenses:Food:Restaurant                          22.14 USD

2019-02-01 * "Kin Soy" "Eating out alone"
  Liabilities:US:Chase:Slate                       -16.88 USD
  Expenses:Food:Restaurant                          16.88 USD

2019-02-03 * "Jewel of Morroco" "Eating out with Joe"
  Liabilities:US:Chase:Slate                       -25.50 USD
  Expenses:Food:Restaurant                          25.50 USD

2019-02-05 * "Farmer Fresh" "Buying groceries"
  Liabilities:US:Chase:Slate                       -60.35 USD
  Expenses:Food:Groceries                           60.35 USD

2019-02-06 * "China Garden" "Eating out with Bill"
  Liabilities:US:Chase:Slate                       -22.22 USD
  Expenses:Food:Restaurant                          22.22 USD

2019-02-09 * "Rose Flower" "Eating out with Joe"
  Liabilities:US:Chase:Slate                       -55.03 USD
  Expenses:Food:Restaurant                          55.03 USD

2019-02-09 * "Chase:Slate" "Paying off credit card"
  Liabilities:US:Chase:Slate                       567.55 USD
  Assets:US:BofA:Checking                         -567.55 USD

2019-02-13 * "Cafe Modagor" "Eating out with Natasha"
  Liabilities:US:Chase:Slate                       -26.32 USD
  Expenses:Food:Restaurant                          26.32 USD

2019-02-13 * "Farmer Fresh" "Buying groceries"
  Liabilities:US:Chase:Slate                       -96.48 USD
  Expenses:Food:Groceries                           96.48 USD

2019-02-15 * "Goba Goba" "Eating out with Natasha"
  Liabilities:US:Chase:Slate                       -32.41 USD
  Expenses:Food:Restaurant                          32.41 USD

2019-02-16 * "Chichipotle" "Eating out with Bill"
  Liabilities:US:Chase:Slate                       -28.06 USD
  Expenses:Food:Restaurant                          28.06 USD

2019-02-17 * "Uncle Boons" "Eating out with Julie"
  Liabilities:US:Chase:Slate                       -24.43 USD
  Expenses:Food:Restaurant                          24.43 USD

2019-02-18 * "Metro Transport Authority" "Tram tickets"
  Liabilities:US:Chase:Slate                      -120.00 USD
  Expenses:Transport:Tram                          120.00 USD

2019-02-20 balance Liabilities:US:Chase:Slate     -646.60 USD

2019-02-21 * "Onion Market" "Buying groceries"
  Liabilities:US:Chase:Slate                       -87.61 USD
  Expenses:Food:Groceries                           87.61 USD

2019-02-22 * "Cafe Modagor" "Eating out with Natasha"
  Liabilities:US:Chase:Slate                       -28.52 USD
  Expenses:Food:Restaurant                          28.52 USD

2019-02-26 * "Cafe Modagor" "Eating out after work"
  Liabilities:US:Chase:Slate                       -49.39 USD
  Expenses:Food:Restaurant                          49.39 USD

2019-02-27 * "Uncle Boons" "Eating out with work buddies"
  Liabilities:US:Chase:Slate                       -36.47 USD
  Expenses:Food:Restaurant                          36.47 USD

2019-03-03 * "Uncle Boons" "Eating out after work"
  Liabilities:US:Chase:Slate                       -35.95 USD
  Expenses:Food:Restaurant                          35.95 USD

2019-03-07 * "Kin Soy" "Eating out with Bill"
  Liabilities:US:Chase:Slate                       -37.53 USD
  Expenses:Food:Restaurant                          37.53 USD

2019-03-08 * "Rose Flower" "Eating out "
  Liabilities:US:Chase:Slate                       -30.71 USD
  Expenses:Food:Restaurant                          30.71 USD

2019-03-10 * "Cafe Modagor" "Eating out after work"
  Liabilities:US:Chase:Slate                       -34.25 USD
  Expenses:Food:Restaurant                          34.25 USD

2019-03-11 * "Onion Market" "Buying groceries"
  Liabilities:US:Chase:Slate                       -80.76 USD
  Expenses:Food:Groceries                           80.76 USD

2019-03-11 * "Chase:Slate" "Paying off credit card"
  Liabilities:US:Chase:Slate                       748.89 USD
  Assets:US:BofA:Checking                         -748.89 USD

2019-03-13 * "Goba Goba" "Eating out after work"
  Liabilities:US:Chase:Slate                       -29.87 USD
  Expenses:Food:Restaurant                          29.87 USD

2019-03-16 balance Liabilities:US:Chase:Slate     -348.77 USD

2019-03-16 * "Chichipotle" "Eating out after work"
  Liabilities:US:Chase:Slate                       -31.14 USD
  Expenses:Food:Restaurant                          31.14 USD

2019-03-21 * "Jewel of Morroco" "Eating out with Julie"
  Liabilities:US:Chase:Slate                       -33.37 USD
  Expenses:Food:Restaurant                          33.37 USD

2019-03-22 * "China Garden" "Eating out after work"
  Liabilities:US:Chase:Slate                       -19.59 USD
  Expenses:Food:Restaurant                          19.59 USD

2019-03-23 * "Onion Market" "Buying groceries"
  Liabilities:US:Chase:Slate                       -81.49 USD
  Expenses:Food:Groceries                           81.49 USD

2019-03-23 * "Metro Transport Authority" "Tram tickets"
  Liabilities:US:Chase:Slate                      -120.00 USD
  Expenses:Transport:Tram                          120.00 USD

2019-03-24 * "Cafe Modagor" "Eating out after work"
  Liabilities:US:Chase:Slate                       -20.47 USD
  Expenses:Food:Restaurant                          20.47 USD

2019-03-28 * "Jewel of Morroco" "Eating out with work buddies"
  Liabilities:US:Chase:Slate                       -23.83 USD
  Expenses:Food:Restaurant                          23.83 USD

2019-04-02 * "Jewel of Morroco" "Eating out "
  Liabilities:US:Chase:Slate                       -45.81 USD
  Expenses:Food:Restaurant                          45.81 USD

2019-04-04 * "Rose Flower" "Eating out after work"
  Liabilities:US:Chase:Slate                       -60.27 USD
  Expenses:Food:Restaurant                          60.27 USD

2019-04-05 * "China Garden" "Eating out with Julie"
  Liabilities:US:Chase:Slate                       -29.83 USD
  Expenses:Food:Restaurant                          29.83 USD

2019-04-09 * "Uncle Boons" "Eating out with Julie"
  Liabilities:US:Chase:Slate                       -22.50 USD
  Expenses:Food:Restaurant                          22.50 USD

2019-04-09 * "Onion Market" "Buying groceries"
  Liabilities:US:Chase:Slate                       -90.85 USD
  Expenses:Food:Groceries                           90.85 USD

2019-04-11 * "Chase:Slate" "Paying off credit card"
  Liabilities:US:Chase:Slate                       653.46 USD
  Assets:US:BofA:Checking                         -653.46 USD

2019-04-12 balance Liabilities:US:Chase:Slate     -274.46 USD

2019-04-12 * "Goba Goba" "Eating out "
  Liabilities:US:Chase:Slate                       -44.44 USD
  Expenses:Food:Restaurant                          44.44 USD

2019-04-17 * "Kin Soy" "Eating out with Bill"
  Liabilities:US:Chase:Slate                       -19.44 USD
  Expenses:Food:Restaurant                          19.44 USD

2019-04-22 * "China Garden" "Eating out with Joe"
  Liabilities:US:Chase:Slate                       -39.05 USD
  Expenses:Food:Restaurant                          39.05 USD

2019-04-23 * "Metro Transport Authority" "Tram tickets"
  Liabilities:US:Chase:Slate                      -120.00 USD
  Expenses:Transport:Tram                          120.00 USD

2019-04-25 * "Kin Soy" "Eating out after work"
  Liabilities:US:Chase:Slate                       -46.06 USD
  Expenses:Food:Restaurant                          46.06 USD

2019-04-26 * "Farmer Fresh" "Buying groceries"
  Liabilities:US:Chase:Slate                       -69.28 USD
  Expenses:Food:Groceries                           69.28 USD

2019-04-29 * "Kin Soy" "Eating out "
  Liabilities:US:Chase:Slate                       -32.87 USD
  Expenses:Food:Restaurant                          32.87 USD

2019-05-01 * "Jewel of Morroco" "Eating out alone"
  Liabilities:US:Chase:Slate                       -22.95 USD
  Expenses:Food:Restaurant                          22.95 USD

2019-05-04 * "Kin Soy" "Eating out with work buddies"
  Liabilities:US:Chase:Slate                       -38.84 USD
  Expenses:Food:Restaurant                          38.84 USD

2019-05-08 * "Chase:Slate" "Paying off credit card"
  Liabilities:US:Chase:Slate                       415.08 USD
  Assets:US:BofA:Checking                         -415.08 USD

2019-05-09 balance Liabilities:US:Chase:Slate     -292.31 USD

2019-05-09 * "Rose Flower" "Eating out with Julie"
  Liabilities:US:Chase:Slate                       -26.59 USD
  Expenses:Food:Restaurant                          26.59 USD

2019-05-10 * "Good Moods Market" "Buying groceries"
  Liabilities:US:Chase:Slate                       -68.37 USD
  Expenses:Food:Groceries                           68.37 USD

2019-05-14 * "Jewel of Morroco" "Eating out with Natasha"
  Liabilities:US:Chase:Slate                       -34.23 USD
  Expenses:Food:Restaurant                          34.23 USD

2019-05-16 * "Chichipotle" "Eating out alone"
  Liabilities:US:Chase:Slate                       -24.43 USD
  Expenses:Food:Restaurant                          24.43 USD

2019-05-18 * "Rose Flower" "Eating out after work"
  Liabilities:US:Chase:Slate                       -52.74 USD
  Expenses:Food:Restaurant                          52.74 USD

2019-05-20 * "Jewel of Morroco" "Eating out alone"
  Liabilities:US:Chase:Slate                       -37.13 USD
  Expenses:Food:Restaurant                          37.13 USD

2019-05-21 * "Corner Deli" "Buying groceries"
  Liabilities:US:Chase:Slate                       -81.08 USD
  Expenses:Food:Groceries                           81.08 USD

2019-05-21 * "Metro Transport Authority" "Tram tickets"
  Liabilities:US:Chase:Slate                      -120.00 USD
  Expenses:Transport:Tram                          120.00 USD

2019-05-22 * "Uncle Boons" "Eating out alone"
  Liabilities:US:Chase:Slate                       -23.46 USD
  Expenses:Food:Restaurant                          23.46 USD

2019-05-23 event "location" "Chicago"

2019-05-24 * "Star of Siam" "" #trip-chicago-2019
  Liabilities:US:Chase:Slate                       -28.09 USD
  Expenses:Food:Restaurant                          28.09 USD

2019-05-24 * "25 Degrees Burger Bar" "" #trip-chicago-2019
  Liabilities:US:Chase:Slate                       -21.56 USD
  Expenses:Food:Restaurant                          21.56 USD

2019-05-24 * "Another Sports Pub" "" #trip-chicago-2019
  Liabilities:US:Chase:Slate                       -14.80 USD
  Expenses:Food:Alcohol                             14.80 USD

2019-05-25 * "Argo Tea" "" #trip-chicago-2019
  Liabilities:US:Chase:Slate                        -6.17 USD
  Expenses:Food:Coffee                               6.17 USD

2019-05-26 * "Mercadito" "" #trip-chicago-2019
  Liabilities:US:Chase:Slate                       -36.85 USD
  Expenses:Food:Restaurant                          36.85 USD

2019-05-26 * "Argo Tea" "" #trip-chicago-2019
  Liabilities:US:Chase:Slate                        -5.75 USD
  Expenses:Food:Coffee                               5.75 USD

2019-05-27 * "Star of Siam" "" #trip-chicago-2019
  Liabilities:US:Chase:Slate                       -21.09 USD
  Expenses:Food:Restaurant                          21.09 USD

2019-05-27 * "Eataly Chicago" "" #trip-chicago-2019
  Liabilities:US:Chase:Slate                       -26.22 USD
  Expenses:Food:Restaurant                          26.22 USD

2019-05-27 * "Another Sports Pub" "" #trip-chicago-2019
  Liabilities:US:Chase:Slate                       -12.13 USD
  Expenses:Food:Alcohol                             12.13 USD

2019-05-28 * "Mercadito" "" #trip-chicago-2019
  Liabilities:US:Chase:Slate                       -43.10 USD
  Expenses:Food:Restaurant                          43.10 USD

2019-05-29 * "Argo Tea" "" #trip-chicago-2019
  Liabilities:US:Chase:Slate                        -6.18 USD
  Expenses:Food:Coffee                               6.18 USD

2019-05-30 * "Star of Siam" "" #trip-chicago-2019
  Liabilities:US:Chase:Slate                       -25.08 USD
  Expenses:Food:Restaurant                          25.08 USD

2019-05-30 * "25 Degrees Burger Bar" "" #trip-chicago-2019
  Liabilities:US:Chase:Slate                       -27.48 USD
  Expenses:Food:Restaurant                          27.48 USD

2019-05-30 * "Eataly Chicago" "" #trip-chicago-2019
  Liabilities:US:Chase:Slate                       -51.91 USD
  Expenses:Food:Restaurant                          51.91 USD

2019-05-30 * "Another Sports Pub" "" #trip-chicago-2019
  Liabilities:US:Chase:Slate                       -14.14 USD
  Expenses:Food:Alcohol                             14.14 USD

2019-05-31 balance Liabilities:US:Chase:Slate    -1100.89 USD

2019-05-31 * "Star of Siam" "" #trip-chicago-2019
  Liabilities:US:Chase:Slate                       -20.47 USD
  Expenses:Food:Restaurant                          20.47 USD

2019-05-31 * "Mercadito" "" #trip-chicago-2019
  Liabilities:US:Chase:Slate                       -40.33 USD
  Expenses:Food:Restaurant                          40.33 USD

2019-05-31 * "25 Degrees Burger Bar" "" #trip-chicago-2019
  Liabilities:US:Chase:Slate                       -25.36 USD
  Expenses:Food:Restaurant                          25.36 USD

2019-05-31 * "Eataly Chicago" "" #trip-chicago-2019
  Liabilities:US:Chase:Slate                       -35.95 USD
  Expenses:Food:Restaurant                          35.95 USD

2019-06-01 * "Star of Siam" "" #trip-chicago-2019
  Liabilities:US:Chase:Slate                       -23.52 USD
  Expenses:Food:Restaurant                          23.52 USD

2019-06-01 * "Eataly Chicago" "" #trip-chicago-2019
  Liabilities:US:Chase:Slate                       -25.86 USD
  Expenses:Food:Restaurant                          25.86 USD

2019-06-02 * "Eataly Chicago" "" #trip-chicago-2019
  Liabilities:US:Chase:Slate                       -37.15 USD
  Expenses:Food:Restaurant                          37.15 USD

2019-06-03 * "Another Sports Pub" "" #trip-chicago-2019
  Liabilities:US:Chase:Slate                        -9.67 USD
  Expenses:Food:Alcohol                              9.67 USD

2019-06-04 * "Another Sports Pub" "" #trip-chicago-2019
  Liabilities:US:Chase:Slate                        -8.63 USD
  Expenses:Food:Alcohol                              8.63 USD

2019-06-05 * "Argo Tea" "" #trip-chicago-2019
  Liabilities:US:Chase:Slate                        -5.05 USD
  Expenses:Food:Coffee                               5.05 USD

2019-06-06 * "Argo Tea" "" #trip-chicago-2019
  Liabilities:US:Chase:Slate                        -5.21 USD
  Expenses:Food:Coffee                               5.21 USD

2019-06-07 * "Eataly Chicago" "" #trip-chicago-2019
  Liabilities:US:Chase:Slate                       -47.55 USD
  Expenses:Food:Restaurant                          47.55 USD

2019-06-08 * "Mercadito" "" #trip-chicago-2019
  Liabilities:US:Chase:Slate                       -38.58 USD
  Expenses:Food:Restaurant                          38.58 USD

2019-06-08 * "Argo Tea" "" #trip-chicago-2019
  Liabilities:US:Chase:Slate                        -5.36 USD
  Expenses:Food:Coffee                               5.36 USD

2019-06-09 * "Eataly Chicago" "" #trip-chicago-2019
  Liabilities:US:Chase:Slate                       -35.80 USD
  Expenses:Food:Restaurant                          35.80 USD

2019-06-09 * "Another Sports Pub" "" #trip-chicago-2019
  Liabilities:US:Chase:Slate                        -9.72 USD
  Expenses:Food:Alcohol                              9.72 USD

2019-06-10 * "Chase:Slate" "Paying off credit card"
  Liabilities:US:Chase:Slate                       460.63 USD
  Assets:US:BofA:Checking                         -460.63 USD

2019-06-11 * "Star of Siam" "" #trip-chicago-2019
  Liabilities:US:Chase:Slate                       -26.12 USD
  Expenses:Food:Restaurant                          26.12 USD

2019-06-11 * "25 Degrees Burger Bar" "" #trip-chicago-2019
  Liabilities:US:Chase:Slate                       -20.93 USD
  Expenses:Food:Restaurant                          20.93 USD

2019-06-11 * "Eataly Chicago" "" #trip-chicago-2019
  Liabilities:US:Chase:Slate                       -40.30 USD
  Expenses:Food:Restaurant                          40.30 USD

2019-06-12 * "Mercadito" "" #trip-chicago-2019
  Liabilities:US:Chase:Slate                       -40.61 USD
  Expenses:Food:Restaurant                          40.61 USD

2019-06-12 * "25 Degrees Burger Bar" "" #trip-chicago-2019
  Liabilities:US:Chase:Slate                       -17.75 USD
  Expenses:Food:Restaurant                          17.75 USD

2019-06-12 * "Another Sports Pub" "" #trip-chicago-2019
  Liabilities:US:Chase:Slate                       -12.16 USD
  Expenses:Food:Alcohol                             12.16 USD

2019-06-12 * "Argo Tea" "" #trip-chicago-2019
  Liabilities:US:Chase:Slate                        -5.68 USD
  Expenses:Food:Coffee                               5.68 USD

2019-06-13 * "Star of Siam" "" #trip-chicago-2019
  Liabilities:US:Chase:Slate                       -26.76 USD
  Expenses:Food:Restaurant                          26.76 USD

2019-06-13 * "Mercadito" "" #trip-chicago-2019
  Liabilities:US:Chase:Slate                       -33.76 USD
  Expenses:Food:Restaurant                          33.76 USD

2019-06-13 * "Eataly Chicago" "" #trip-chicago-2019
  Liabilities:US:Chase:Slate                       -34.52 USD
  Expenses:Food:Restaurant                          34.52 USD

2019-06-13 * "Another Sports Pub" "" #trip-chicago-2019
  Liabilities:US:Chase:Slate                       -14.14 USD
  Expenses:Food:Alcohol                             14.14 USD

2019-06-13 * "Argo Tea" "" #trip-chicago-2019
  Liabilities:US:Chase:Slate                        -6.36 USD
  Expenses:Food:Coffee                               6.36 USD

2019-06-13 * "Consume vacation days"
  Assets:US:Hoogle:Vacation                          -168 VACHR
  Expenses:Vacation                                   168 VACHR

2019-06-13 event "location" "New Metropolis"

2019-06-14 * "China Garden" "Eating out with work buddies"
  Liabilities:US:Chase:Slate                       -19.19 USD
  Expenses:Food:Restaurant                          19.19 USD

2019-06-17 * "Chichipotle" "Eating out with Julie"
  Liabilities:US:Chase:Slate                       -12.79 USD
  Expenses:Food:Restaurant                          12.79 USD

2019-06-17 * "Onion Market" "Buying groceries"
  Liabilities:US:Chase:Slate                       -80.45 USD
  Expenses:Food:Groceries                           80.45 USD

2019-06-18 * "Metro Transport Authority" "Tram tickets"
  Liabilities:US:Chase:Slate                      -120.00 USD
  Expenses:Transport:Tram                          120.00 USD

2019-06-20 * "Goba Goba" "Eating out with work buddies"
  Liabilities:US:Chase:Slate                       -55.41 USD
  Expenses:Food:Restaurant                          55.41 USD

2019-06-25 * "Jewel of Morroco" "Eating out alone"
  Liabilities:US:Chase:Slate                       -51.45 USD
  Expenses:Food:Restaurant                          51.45 USD

2019-06-26 * "Corner Deli" "Buying groceries"
  Liabilities:US:Chase:Slate                       -46.97 USD
  Expenses:Food:Groceries                           46.97 USD

2019-06-27 * "Goba Goba" "Eating out after work"
  Liabilities:US:Chase:Slate                       -41.42 USD
  Expenses:Food:Restaurant                          41.42 USD

2019-06-28 balance Liabilities:US:Chase:Slate    -1721.24 USD

2019-06-28 * "Goba Goba" "Eating out after work"
  Liabilities:US:Chase:Slate                       -56.22 USD
  Expenses:Food:Restaurant                          56.22 USD

2019-07-02 * "China Garden" "Eating out with Natasha"
  Liabilities:US:Chase:Slate                       -20.60 USD
  Expenses:Food:Restaurant                          20.60 USD

2019-07-04 * "Goba Goba" "Eating out with Joe"
  Liabilities:US:Chase:Slate                       -39.77 USD
  Expenses:Food:Restaurant                          39.77 USD

2019-07-05 * "Kin Soy" "Eating out "
  Liabilities:US:Chase:Slate                       -36.19 USD
  Expenses:Food:Restaurant                          36.19 USD

2019-07-09 * "Jewel of Morroco" "Eating out alone"
  Liabilities:US:Chase:Slate                       -23.84 USD
  Expenses:Food:Restaurant                          23.84 USD

2019-07-09 * "Corner Deli" "Buying groceries"
  Liabilities:US:Chase:Slate                      -119.35 USD
  Expenses:Food:Groceries                          119.35 USD

2019-07-11 * "Chase:Slate" "Paying off credit card"
  Liabilities:US:Chase:Slate                       731.29 USD
  Assets:US:BofA:Checking                         -731.29 USD

2019-07-13 * "China Garden" "Eating out with work buddies"
  Liabilities:US:Chase:Slate                       -26.83 USD
  Expenses:Food:Restaurant                          26.83 USD

2019-07-15 * "Rose Flower" "Eating out after work"
  Liabilities:US:Chase:Slate                       -28.61 USD
  Expenses:Food:Restaurant                          28.61 USD

2019-07-17 * "Cafe Modagor" "Eating out alone"
  Liabilities:US:Chase:Slate                       -13.50 USD
  Expenses:Food:Restaurant                          13.50 USD

2019-07-18 * "Jewel of Morroco" "Eating out with Julie"
  Liabilities:US:Chase:Slate                       -52.41 USD
  Expenses:Food:Restaurant                          52.41 USD

2019-07-18 * "Metro Transport Authority" "Tram tickets"
  Liabilities:US:Chase:Slate                      -120.00 USD
  Expenses:Transport:Tram                          120.00 USD

2019-07-19 * "Kin Soy" "Eating out with Joe"
  Liabilities:US:Chase:Slate                       -37.08 USD
  Expenses:Food:Restaurant                          37.08 USD

2019-07-20 * "China Garden" "Eating out with work buddies"
  Liabilities:US:Chase:Slate                       -46.54 USD
  Expenses:Food:Restaurant                          46.54 USD

2019-07-22 * "Rose Flower" "Eating out with Julie"
  Liabilities:US:Chase:Slate                       -19.54 USD
  Expenses:Food:Restaurant                          19.54 USD

2019-07-25 balance Liabilities:US:Chase:Slate    -1630.43 USD

2019-07-25 * "Good Moods Market" "Buying groceries"
  Liabilities:US:Chase:Slate                       -68.79 USD
  Expenses:Food:Groceries                           68.79 USD

2019-07-27 * "Cafe Modagor" "Eating out after work"
  Liabilities:US:Chase:Slate                       -20.46 USD
  Expenses:Food:Restaurant                          20.46 USD

2019-07-30 * "Goba Goba" "Eating out with Natasha"
  Liabilities:US:Chase:Slate                       -24.84 USD
  Expenses:Food:Restaurant                          24.84 USD

2019-07-31 * "Rose Flower" "Eating out after work"
  Liabilities:US:Chase:Slate                       -20.97 USD
  Expenses:Food:Restaurant                          20.97 USD

2019-08-01 * "Chichipotle" "Eating out alone"
  Liabilities:US:Chase:Slate                       -31.70 USD
  Expenses:Food:Restaurant                          31.70 USD

2019-08-04 * "Uncle Boons" "Eating out with Bill"
  Liabilities:US:Chase:Slate                       -27.67 USD
  Expenses:Food:Restaurant                          27.67 USD

2019-08-06 * "Kin Soy" "Eating out with Joe"
  Liabilities:US:Chase:Slate                       -29.87 USD
  Expenses:Food:Restaurant                          29.87 USD

2019-08-08 * "Chase:Slate" "Paying off credit card"
  Liabilities:US:Chase:Slate                       563.62 USD
  Assets:US:BofA:Checking                         -563.62 USD

2019-08-09 * "Chichipotle" "Eating out with Julie"
  Liabilities:US:Chase:Slate                       -21.64 USD
  Expenses:Food:Restaurant                          21.64 USD

2019-08-11 * "Farmer Fresh" "Buying groceries"
  Liabilities:US:Chase:Slate                       -64.34 USD
  Expenses:Food:Groceries                           64.34 USD

2019-08-12 * "Uncle Boons" "Eating out with Julie"
  Liabilities:US:Chase:Slate                       -39.19 USD
  Expenses:Food:Restaurant                          39.19 USD

2019-08-14 * "Chichipotle" "Eating out alone"
  Liabilities:US:Chase:Slate                       -27.20 USD
  Expenses:Food:Restaurant                          27.20 USD

2019-08-18 * "Chichipotle" "Eating out with Julie"
  Liabilities:US:Chase:Slate                       -27.65 USD
  Expenses:Food:Restaurant                          27.65 USD

2019-08-20 * "Metro Transport Authority" "Tram tickets"
  Liabilities:US:Chase:Slate                      -120.00 USD
  Expenses:Transport:Tram                          120.00 USD

2019-08-22 * "Uncle Boons" "Eating out with Joe"
  Liabilities:US:Chase:Slate                       -12.05 USD
  Expenses:Food:Restaurant                          12.05 USD

2019-08-24 balance Liabilities:US:Chase:Slate    -1603.18 USD

2019-08-24 * "Rose Flower" "Eating out with work buddies"
  Liabilities:US:Chase:Slate                       -26.41 USD
  Expenses:Food:Restaurant                          26.41 USD

2019-08-27 * "Uncle Boons" "Eating out with Natasha"
  Liabilities:US:Chase:Slate                       -36.81 USD
  Expenses:Food:Restaurant                          36.81 USD

2019-08-30 * "Uncle Boons" "Eating out alone"
  Liabilities:US:Chase:Slate                       -32.13 USD
  Expenses:Food:Restaurant                          32.13 USD

2019-08-30 * "Farmer Fresh" "Buying groceries"
  Liabilities:US:Chase:Slate                       -80.26 USD
  Expenses:Food:Groceries                           80.26 USD

2019-09-04 * "China Garden" "Eating out with Natasha"
  Liabilities:US:Chase:Slate                        -9.91 USD
  Expenses:Food:Restaurant                           9.91 USD

2019-09-06 * "Jewel of Morroco" "Eating out with Bill"
  Liabilities:US:Chase:Slate                       -51.12 USD
  Expenses:Food:Restaurant                          51.12 USD

2019-09-09 * "Chase:Slate" "Paying off credit card"
  Liabilities:US:Chase:Slate                       547.97 USD
  Assets:US:BofA:Checking                         -547.97 USD

2019-09-10 * "Goba Goba" "Eating out after work"
  Liabilities:US:Chase:Slate                       -20.90 USD
  Expenses:Food:Restaurant                          20.90 USD

2019-09-11 * "Chichipotle" "Eating out "
  Liabilities:US:Chase:Slate                       -17.60 USD
  Expenses:Food:Restaurant                          17.60 USD

2019-09-14 * "Corner Deli" "Buying groceries"
  Liabilities:US:Chase:Slate                       -58.01 USD
  Expenses:Food:Groceries                           58.01 USD

2019-09-16 * "Goba Goba" "Eating out "
  Liabilities:US:Chase:Slate                       -31.06 USD
  Expenses:Food:Restaurant                          31.06 USD

2019-09-17 * "Goba Goba" "Eating out with Natasha"
  Liabilities:US:Chase:Slate                       -17.70 USD
  Expenses:Food:Restaurant                          17.70 USD

2019-09-18 balance Liabilities:US:Chase:Slate    -1437.12 USD

2019-09-18 * "Metro Transport Authority" "Tram tickets"
  Liabilities:US:Chase:Slate                      -120.00 USD
  Expenses:Transport:Tram                          120.00 USD

2019-09-21 * "Cafe Modagor" "Eating out with Natasha"
  Liabilities:US:Chase:Slate                       -24.23 USD
  Expenses:Food:Restaurant                          24.23 USD

2019-09-22 * "Cafe Modagor" "Eating out with work buddies"
  Liabilities:US:Chase:Slate                       -23.13 USD
  Expenses:Food:Restaurant                          23.13 USD

2019-09-23 * "Cafe Modagor" "Eating out alone"
  Liabilities:US:Chase:Slate                       -53.46 USD
  Expenses:Food:Restaurant                          53.46 USD

2019-09-25 * "Cafe Modagor" "Eating out with Natasha"
  Liabilities:US:Chase:Slate                       -20.23 USD
  Expenses:Food:Restaurant                          20.23 USD

2019-09-29 * "Rose Flower" "Eating out with Julie"
  Liabilities:US:Chase:Slate                       -57.37 USD
  Expenses:Food:Restaurant                          57.37 USD

2019-10-03 * "Farmer Fresh" "Buying groceries"
  Liabilities:US:Chase:Slate                       -90.61 USD
  Expenses:Food:Groceries                           90.61 USD

2019-10-04 * "Rose Flower" "Eating out with Natasha"
  Liabilities:US:Chase:Slate                       -37.06 USD
  Expenses:Food:Restaurant                          37.06 USD

2019-10-08 * "Kin Soy" "Eating out with Bill"
  Liabilities:US:Chase:Slate                       -31.88 USD
  Expenses:Food:Restaurant                          31.88 USD

2019-10-10 balance Liabilities:US:Chase:Slate    -1895.09 USD

2019-10-10 * "Corner Deli" "Buying groceries"
  Liabilities:US:Chase:Slate                       -72.72 USD
  Expenses:Food:Groceries                           72.72 USD

2019-10-11 * "Chichipotle" "Eating out "
  Liabilities:US:Chase:Slate                       -26.93 USD
  Expenses:Food:Restaurant                          26.93 USD

2019-10-11 * "Chase:Slate" "Paying off credit card"
  Liabilities:US:Chase:Slate                       681.99 USD
  Assets:US:BofA:Checking                         -681.99 USD

2019-10-14 * "Goba Goba" "Eating out "
  Liabilities:US:Chase:Slate                       -40.51 USD
  Expenses:Food:Restaurant                          40.51 USD

2019-10-18 * "Chichipotle" "Eating out with Natasha"
  Liabilities:US:Chase:Slate                       -54.59 USD
  Expenses:Food:Restaurant                          54.59 USD

2019-10-21 * "Metro Transport Authority" "Tram tickets"
  Liabilities:US:Chase:Slate                      -120.00 USD
  Expenses:Transport:Tram                          120.00 USD

2019-10-23 * "Goba Goba" "Eating out with work buddies"
  Liabilities:US:Chase:Slate                       -25.26 USD
  Expenses:Food:Restaurant                          25.26 USD

2019-10-26 * "Chichipotle" "Eating out after work"
  Liabilities:US:Chase:Slate                       -18.91 USD
  Expenses:Food:Restaurant                          18.91 USD

2019-10-27 * "Goba Goba" "Eating out after work"
  Liabilities:US:Chase:Slate                       -20.09 USD
  Expenses:Food:Restaurant                          20.09 USD

2019-10-28 * "Onion Market" "Buying groceries"
  Liabilities:US:Chase:Slate                       -64.94 USD
  Expenses:Food:Groceries                           64.94 USD

2019-11-01 * "Kin Soy" "Eating out with Bill"
  Liabilities:US:Chase:Slate                       -31.54 USD
  Expenses:Food:Restaurant                          31.54 USD

2019-11-06 balance Liabilities:US:Chase:Slate    -1688.59 USD

2019-11-06 * "Goba Goba" "Eating out with work buddies"
  Liabilities:US:Chase:Slate                       -52.68 USD
  Expenses:Food:Restaurant                          52.68 USD

2019-11-10 * "Kin Soy" "Eating out after work"
  Liabilities:US:Chase:Slate                       -30.66 USD
  Expenses:Food:Restaurant                          30.66 USD

2019-11-10 * "Chase:Slate" "Paying off credit card"
  Liabilities:US:Chase:Slate                       459.18 USD
  Assets:US:BofA:Checking                         -459.18 USD

2019-11-15 * "China Garden" "Eating out alone"
  Liabilities:US:Chase:Slate                       -17.79 USD
  Expenses:Food:Restaurant                          17.79 USD

2019-11-15 * "Corner Deli" "Buying groceries"
  Liabilities:US:Chase:Slate                       -77.89 USD
  Expenses:Food:Groceries                           77.89 USD

2019-11-17 * "Metro Transport Authority" "Tram tickets"
  Liabilities:US:Chase:Slate                      -120.00 USD
  Expenses:Transport:Tram                          120.00 USD

2019-11-19 * "Kin Soy" "Eating out after work"
  Liabilities:US:Chase:Slate                       -61.21 USD
  Expenses:Food:Restaurant                          61.21 USD

2019-11-20 * "Jewel of Morroco" "Eating out with Natasha"
  Liabilities:US:Chase:Slate                       -18.77 USD
  Expenses:Food:Restaurant                          18.77 USD

2019-11-20 * "Corner Deli" "Buying groceries"
  Liabilities:US:Chase:Slate                       -62.07 USD
  Expenses:Food:Groceries                           62.07 USD

2019-11-24 * "Cafe Modagor" "Eating out "
  Liabilities:US:Chase:Slate                       -29.49 USD
  Expenses:Food:Restaurant                          29.49 USD

2019-11-26 * "Farmer Fresh" "Buying groceries"
  Liabilities:US:Chase:Slate                       -76.88 USD
  Expenses:Food:Groceries                           76.88 USD

2019-11-29 * "Uncle Boons" "Eating out alone"
  Liabilities:US:Chase:Slate                       -35.27 USD
  Expenses:Food:Restaurant                          35.27 USD

2019-11-30 balance Liabilities:US:Chase:Slate    -1812.12 USD

2019-12-02 * "China Garden" "Eating out after work"
  Liabilities:US:Chase:Slate                       -40.45 USD
  Expenses:Food:Restaurant                          40.45 USD

2019-12-03 * "China Garden" "Eating out with Joe"
  Liabilities:US:Chase:Slate                       -25.85 USD
  Expenses:Food:Restaurant                          25.85 USD

2019-12-04 * "Rose Flower" "Eating out with Natasha"
  Liabilities:US:Chase:Slate                       -42.37 USD
  Expenses:Food:Restaurant                          42.37 USD

2019-12-07 * "Jewel of Morroco" "Eating out with Natasha"
  Liabilities:US:Chase:Slate                       -19.19 USD
  Expenses:Food:Restaurant                          19.19 USD

2019-12-10 * "Chase:Slate" "Paying off credit card"
  Liabilities:US:Chase:Slate                       711.37 USD
  Assets:US:BofA:Checking                         -711.37 USD

2019-12-11 * "Good Moods Market" "Buying groceries"
  Liabilities:US:Chase:Slate                       -84.14 USD
  Expenses:Food:Groceries                           84.14 USD

2019-12-12 * "Jewel of Morroco" "Eating out alone"
  Liabilities:US:Chase:Slate                       -26.98 USD
  Expenses:Food:Restaurant                          26.98 USD

2019-12-14 * "Rose Flower" "Eating out with work buddies"
  Liabilities:US:Chase:Slate                       -12.52 USD
  Expenses:Food:Restaurant                          12.52 USD

2019-12-18 * "Cafe Modagor" "Eating out with work buddies"
  Liabilities:US:Chase:Slate                       -20.29 USD
  Expenses:Food:Restaurant                          20.29 USD

2019-12-18 * "Metro Transport Authority" "Tram tickets"
  Liabilities:US:Chase:Slate                      -120.00 USD
  Expenses:Transport:Tram                          120.00 USD

2019-12-22 * "Kin Soy" "Eating out with Joe"
  Liabilities:US:Chase:Slate                       -31.17 USD
  Expenses:Food:Restaurant                          31.17 USD

2019-12-24 * "Kin Soy" "Eating out alone"
  Liabilities:US:Chase:Slate                       -38.09 USD
  Expenses:Food:Restaurant                          38.09 USD

2019-12-25 * "Jewel of Morroco" "Eating out alone"
  Liabilities:US:Chase:Slate                       -17.70 USD
  Expenses:Food:Restaurant                          17.70 USD

2019-12-26 balance Liabilities:US:Chase:Slate    -1579.50 USD

2019-12-28 * "Goba Goba" "Eating out with work buddies"
  Liabilities:US:Chase:Slate                       -25.32 USD
  Expenses:Food:Restaurant                          25.32 USD

2019-12-28 * "Good Moods Market" "Buying groceries"
  Liabilities:US:Chase:Slate                       -68.55 USD
  Expenses:Food:Groceries                           68.55 USD

2019-12-29 * "Uncle Boons" "Eating out after work"
  Liabilities:US:Chase:Slate                       -34.97 USD
  Expenses:Food:Restaurant                          34.97 USD

2020-01-01 * "Jewel of Morroco" "Eating out with work buddies"
  Liabilities:US:Chase:Slate                       -28.72 USD
  Expenses:Food:Restaurant                          28.72 USD

2020-01-05 * "Kin Soy" "Eating out with work buddies"
  Liabilities:US:Chase:Slate                       -23.83 USD
  Expenses:Food:Restaurant                          23.83 USD

2020-01-06 * "Farmer Fresh" "Buying groceries"
  Liabilities:US:Chase:Slate                      -113.92 USD
  Expenses:Food:Groceries                          113.92 USD

2020-01-09 * "China Garden" "Eating out after work"
  Liabilities:US:Chase:Slate                       -65.87 USD
  Expenses:Food:Restaurant                          65.87 USD

2020-01-10 * "Rose Flower" "Eating out with Natasha"
  Liabilities:US:Chase:Slate                       -29.60 USD
  Expenses:Food:Restaurant                          29.60 USD

2020-01-10 * "Chase:Slate" "Paying off credit card"
  Liabilities:US:Chase:Slate                       657.53 USD
  Assets:US:BofA:Checking                         -657.53 USD

2020-01-12 * "Goba Goba" "Eating out after work"
  Liabilities:US:Chase:Slate                       -17.28 USD
  Expenses:Food:Restaurant                          17.28 USD

2020-01-14 * "Jewel of Morroco" "Eating out "
  Liabilities:US:Chase:Slate                       -47.58 USD
  Expenses:Food:Restaurant                          47.58 USD

2020-01-15 balance Liabilities:US:Chase:Slate    -1377.61 USD

2020-01-17 * "Jewel of Morroco" "Eating out after work"
  Liabilities:US:Chase:Slate                       -20.70 USD
  Expenses:Food:Restaurant                          20.70 USD

2020-01-17 * "Metro Transport Authority" "Tram tickets"
  Liabilities:US:Chase:Slate                      -120.00 USD
  Expenses:Transport:Tram                          120.00 USD

2020-01-21 * "China Garden" "Eating out with Julie"
  Liabilities:US:Chase:Slate                       -14.64 USD
  Expenses:Food:Restaurant                          14.64 USD

2020-01-22 * "Good Moods Market" "Buying groceries"
  Liabilities:US:Chase:Slate                       -72.25 USD
  Expenses:Food:Groceries                           72.25 USD

2020-01-26 * "Goba Goba" "Eating out with Natasha"
  Liabilities:US:Chase:Slate                       -24.49 USD
  Expenses:Food:Restaurant                          24.49 USD

2020-01-28 * "Corner Deli" "Buying groceries"
  Liabilities:US:Chase:Slate                       -62.67 USD
  Expenses:Food:Groceries                           62.67 USD

2020-01-31 * "Kin Soy" "Eating out with Julie"
  Liabilities:US:Chase:Slate                       -71.77 USD
  Expenses:Food:Restaurant                          71.77 USD

2020-02-05 * "Rose Flower" "Eating out alone"
  Liabilities:US:Chase:Slate                       -17.66 USD
  Expenses:Food:Restaurant                          17.66 USD

2020-02-08 balance Liabilities:US:Chase:Slate    -1781.79 USD

2020-02-08 * "Jewel of Morroco" "Eating out alone"
  Liabilities:US:Chase:Slate                       -44.25 USD
  Expenses:Food:Restaurant                          44.25 USD

2020-02-11 * "Chase:Slate" "Paying off credit card"
  Liabilities:US:Chase:Slate                       556.85 USD
  Assets:US:BofA:Checking                         -556.85 USD

2020-02-12 * "China Garden" "Eating out with Bill"
  Liabilities:US:Chase:Slate                       -43.56 USD
  Expenses:Food:Restaurant                          43.56 USD

2020-02-14 * "Cafe Modagor" "Eating out "
  Liabilities:US:Chase:Slate                       -35.28 USD
  Expenses:Food:Restaurant                          35.28 USD

2020-02-14 * "Metro Transport Authority" "Tram tickets"
  Liabilities:US:Chase:Slate                      -120.00 USD
  Expenses:Transport:Tram                          120.00 USD

2020-02-16 * "Goba Goba" "Eating out after work"
  Liabilities:US:Chase:Slate                       -62.50 USD
  Expenses:Food:Restaurant                          62.50 USD

2020-02-16 * "Good Moods Market" "Buying groceries"
  Liabilities:US:Chase:Slate                      -113.80 USD
  Expenses:Food:Groceries                          113.80 USD

2020-02-19 * "Cafe Modagor" "Eating out "
  Liabilities:US:Chase:Slate                       -26.97 USD
  Expenses:Food:Restaurant                          26.97 USD

2020-02-21 * "Corner Deli" "Buying groceries"
  Liabilities:US:Chase:Slate                      -101.76 USD
  Expenses:Food:Groceries                          101.76 USD

2020-02-23 * "Cafe Modagor" "Eating out with Bill"
  Liabilities:US:Chase:Slate                       -22.19 USD
  Expenses:Food:Restaurant                          22.19 USD

2020-02-28 * "Goba Goba" "Eating out alone"
  Liabilities:US:Chase:Slate                       -16.99 USD
  Expenses:Food:Restaurant                          16.99 USD

2020-03-03 * "Goba Goba" "Eating out alone"
  Liabilities:US:Chase:Slate                       -28.16 USD
  Expenses:Food:Restaurant                          28.16 USD

2020-03-06 * "Onion Market" "Buying groceries"
  Liabilities:US:Chase:Slate                       -72.81 USD
  Expenses:Food:Groceries                           72.81 USD

2020-03-07 balance Liabilities:US:Chase:Slate    -1913.21 USD

2020-03-08 * "Chichipotle" "Eating out with Bill"
  Liabilities:US:Chase:Slate                       -49.69 USD
  Expenses:Food:Restaurant                          49.69 USD

2020-03-08 * "Chase:Slate" "Paying off credit card"
  Liabilities:US:Chase:Slate                       650.15 USD
  Assets:US:BofA:Checking                         -650.15 USD

2020-03-12 * "China Garden" "Eating out "
  Liabilities:US:Chase:Slate                       -61.77 USD
  Expenses:Food:Restaurant                          61.77 USD

2020-03-14 * "Kin Soy" "Eating out alone"
  Liabilities:US:Chase:Slate                       -21.82 USD
  Expenses:Food:Restaurant                          21.82 USD

2020-03-15 * "Rose Flower" "Eating out "
  Liabilities:US:Chase:Slate                       -22.21 USD
  Expenses:Food:Restaurant                          22.21 USD

2020-03-17 * "Jewel of Morroco" "Eating out with work buddies"
  Liabilities:US:Chase:Slate                       -32.93 USD
  Expenses:Food:Restaurant                          32.93 USD

2020-03-17 * "Metro Transport Authority" "Tram tickets"
  Liabilities:US:Chase:Slate                      -120.00 USD
  Expenses:Transport:Tram                          120.00 USD

2020-03-21 * "Chichipotle" "Eating out with work buddies"
  Liabilities:US:Chase:Slate                       -33.02 USD
  Expenses:Food:Restaurant                          33.02 USD

2020-03-26 * "Rose Flower" "Eating out with work buddies"
  Liabilities:US:Chase:Slate                       -19.62 USD
  Expenses:Food:Restaurant                          19.62 USD

2020-03-26 * "Good Moods Market" "Buying groceries"
  Liabilities:US:Chase:Slate                       -81.16 USD
  Expenses:Food:Groceries                           81.16 USD

2020-03-27 * "Goba Goba" "Eating out "
  Liabilities:US:Chase:Slate                       -23.24 USD
  Expenses:Food:Restaurant                          23.24 USD

2020-03-28 * "Jewel of Morroco" "Eating out "
  Liabilities:US:Chase:Slate                       -43.25 USD
  Expenses:Food:Restaurant                          43.25 USD

2020-03-29 * "Rose Flower" "Eating out alone"
  Liabilities:US:Chase:Slate                       -62.37 USD
  Expenses:Food:Restaurant                          62.37 USD

2020-04-03 * "Uncle Boons" "Eating out "
  Liabilities:US:Chase:Slate                       -23.48 USD
  Expenses:Food:Restaurant                          23.48 USD

2020-04-05 * "Onion Market" "Buying groceries"
  Liabilities:US:Chase:Slate                       -60.09 USD
  Expenses:Food:Groceries                           60.09 USD

2020-04-06 balance Liabilities:US:Chase:Slate    -1917.71 USD

2020-04-07 * "Cafe Modagor" "Eating out "
  Liabilities:US:Chase:Slate                       -41.62 USD
  Expenses:Food:Restaurant                          41.62 USD

2020-04-08 * "Chase:Slate" "Paying off credit card"
  Liabilities:US:Chase:Slate                       686.80 USD
  Assets:US:BofA:Checking                         -686.80 USD

2020-04-12 * "Cafe Modagor" "Eating out with Julie"
  Liabilities:US:Chase:Slate                       -40.22 USD
  Expenses:Food:Restaurant                          40.22 USD

2020-04-14 * "Farmer Fresh" "Buying groceries"
  Liabilities:US:Chase:Slate                       -79.05 USD
  Expenses:Food:Groceries                           79.05 USD

2020-04-17 * "Jewel of Morroco" "Eating out with work buddies"
  Liabilities:US:Chase:Slate                       -21.76 USD
  Expenses:Food:Restaurant                          21.76 USD

2020-04-19 * "Chichipotle" "Eating out with Bill"
  Liabilities:US:Chase:Slate                       -32.73 USD
  Expenses:Food:Restaurant                          32.73 USD

2020-04-19 * "Metro Transport Authority" "Tram tickets"
  Liabilities:US:Chase:Slate                      -120.00 USD
  Expenses:Transport:Tram                          120.00 USD

2020-04-20 * "Onion Market" "Buying groceries"
  Liabilities:US:Chase:Slate                       -69.96 USD
  Expenses:Food:Groceries                           69.96 USD

2020-04-24 * "Rose Flower" "Eating out with Julie"
  Liabilities:US:Chase:Slate                       -22.33 USD
  Expenses:Food:Restaurant                          22.33 USD

2020-04-25 * "Farmer Fresh" "Buying groceries"
  Liabilities:US:Chase:Slate                       -80.81 USD
  Expenses:Food:Groceries                           80.81 USD

2020-04-26 * "Jewel of Morroco" "Eating out with Julie"
  Liabilities:US:Chase:Slate                       -13.22 USD
  Expenses:Food:Restaurant                          13.22 USD

2020-04-30 * "Kin Soy" "Eating out with work buddies"
  Liabilities:US:Chase:Slate                       -34.74 USD
  Expenses:Food:Restaurant                          34.74 USD

2020-05-02 balance Liabilities:US:Chase:Slate    -1787.35 USD

2020-05-02 * "Goba Goba" "Eating out with Joe"
  Liabilities:US:Chase:Slate                       -12.04 USD
  Expenses:Food:Restaurant                          12.04 USD

2020-05-04 * "Kin Soy" "Eating out with Joe"
  Liabilities:US:Chase:Slate                       -49.96 USD
  Expenses:Food:Restaurant                          49.96 USD

2020-05-06 * "Uncle Boons" "Eating out with work buddies"
  Liabilities:US:Chase:Slate                       -27.14 USD
  Expenses:Food:Restaurant                          27.14 USD

2020-05-07 * "Jewel of Morroco" "Eating out after work"
  Liabilities:US:Chase:Slate                       -16.12 USD
  Expenses:Food:Restaurant                          16.12 USD

2020-05-07 * "Good Moods Market" "Buying groceries"
  Liabilities:US:Chase:Slate                       -87.74 USD
  Expenses:Food:Groceries                           87.74 USD

2020-05-10 * "Chase:Slate" "Paying off credit card"
  Liabilities:US:Chase:Slate                       697.28 USD
  Assets:US:BofA:Checking                         -697.28 USD

2020-05-12 * "Uncle Boons" "Eating out with work buddies"
  Liabilities:US:Chase:Slate                       -29.68 USD
  Expenses:Food:Restaurant                          29.68 USD

2020-05-14 * "Uncle Boons" "Eating out with Natasha"
  Liabilities:US:Chase:Slate                       -44.55 USD
  Expenses:Food:Restaurant                          44.55 USD

2020-05-15 * "Farmer Fresh" "Buying groceries"
  Liabilities:US:Chase:Slate                       -95.91 USD
  Expenses:Food:Groceries                           95.91 USD

2020-05-17 * "Goba Goba" "Eating out with Bill"
  Liabilities:US:Chase:Slate                       -67.35 USD
  Expenses:Food:Restaurant                          67.35 USD

2020-05-20 * "Metro Transport Authority" "Tram tickets"
  Liabilities:US:Chase:Slate                      -120.00 USD
  Expenses:Transport:Tram                          120.00 USD

2020-05-22 * "Jewel of Morroco" "Eating out with Joe"
  Liabilities:US:Chase:Slate                       -58.51 USD
  Expenses:Food:Restaurant                          58.51 USD

2020-05-24 * "Uncle Boons" "Eating out with Julie"
  Liabilities:US:Chase:Slate                       -32.59 USD
  Expenses:Food:Restaurant                          32.59 USD

2020-05-26 event "location" "San Francisco"

2020-05-29 * "Bar Crudo" "" #trip-san-francisco-2020
  Liabilities:US:Chase:Slate                       -56.33 USD
  Expenses:Food:Restaurant                          56.33 USD

2020-05-29 * "Pizza Delfina" "" #trip-san-francisco-2020
  Liabilities:US:Chase:Slate                       -20.13 USD
  Expenses:Food:Restaurant                          20.13 USD

2020-05-29 * "Waterbar" "" #trip-san-francisco-2020
  Liabilities:US:Chase:Slate                       -37.08 USD
  Expenses:Food:Restaurant                          37.08 USD

2020-05-30 * "Mission Chinese Food" "" #trip-san-francisco-2020
  Liabilities:US:Chase:Slate                       -29.07 USD
  Expenses:Food:Restaurant                          29.07 USD

2020-06-01 balance Liabilities:US:Chase:Slate    -1874.27 USD

2020-06-01 * "Bar Crudo" "" #trip-san-francisco-2020
  Liabilities:US:Chase:Slate                       -75.86 USD
  Expenses:Food:Restaurant                          75.86 USD

2020-06-01 * "Waterbar" "" #trip-san-francisco-2020
  Liabilities:US:Chase:Slate                       -56.34 USD
  Expenses:Food:Restaurant                          56.34 USD

2020-06-01 * "Starbucks" "" #trip-san-francisco-2020
  Liabilities:US:Chase:Slate                        -5.54 USD
  Expenses:Food:Coffee                               5.54 USD

2020-06-04 * "Bar Crudo" "" #trip-san-francisco-2020
  Liabilities:US:Chase:Slate                       -75.60 USD
  Expenses:Food:Restaurant                          75.60 USD

2020-06-04 * "Starbucks" "" #trip-san-francisco-2020
  Liabilities:US:Chase:Slate                        -7.22 USD
  Expenses:Food:Coffee                               7.22 USD

2020-06-07 * "Uncle Boons" "Eating out with Natasha"
  Liabilities:US:Chase:Slate                       -23.88 USD
  Expenses:Food:Restaurant                          23.88 USD

2020-06-07 * "Waterbar" "" #trip-san-francisco-2020
  Liabilities:US:Chase:Slate                       -54.13 USD
  Expenses:Food:Restaurant                          54.13 USD

2020-06-07 * "Consume vacation days"
  Assets:US:Hoogle:Vacation                           -96 VACHR
  Expenses:Vacation                                    96 VACHR

2020-06-07 event "location" "New Metropolis"

2020-06-10 * "Rose Flower" "Eating out alone"
  Liabilities:US:Chase:Slate                       -26.32 USD
  Expenses:Food:Restaurant                          26.32 USD

2020-06-11 * "Chase:Slate" "Paying off credit card"
  Liabilities:US:Chase:Slate                       498.12 USD
  Assets:US:BofA:Checking                         -498.12 USD

2020-06-13 * "Cafe Modagor" "Eating out with Natasha"
  Liabilities:US:Chase:Slate                       -29.01 USD
  Expenses:Food:Restaurant                          29.01 USD

2020-06-15 * "Goba Goba" "Eating out with work buddies"
  Liabilities:US:Chase:Slate                       -37.67 USD
  Expenses:Food:Restaurant                          37.67 USD

2020-06-18 * "Corner Deli" "Buying groceries"
  Liabilities:US:Chase:Slate                      -112.52 USD
  Expenses:Food:Groceries                          112.52 USD

2020-06-18 * "Metro Transport Authority" "Tram tickets"
  Liabilities:US:Chase:Slate                      -120.00 USD
  Expenses:Transport:Tram                          120.00 USD

2020-06-20 * "Rose Flower" "Eating out with work buddies"
  Liabilities:US:Chase:Slate                       -34.92 USD
  Expenses:Food:Restaurant                          34.92 USD

2020-06-23 * "Goba Goba" "Eating out "
  Liabilities:US:Chase:Slate                       -33.70 USD
  Expenses:Food:Restaurant                          33.70 USD

2020-06-24 * "China Garden" "Eating out alone"
  Liabilities:US:Chase:Slate                       -43.54 USD
  Expenses:Food:Restaurant                          43.54 USD

2020-06-27 * "Jewel of Morroco" "Eating out with Joe"
  Liabilities:US:Chase:Slate                       -28.34 USD
  Expenses:Food:Restaurant                          28.34 USD

2020-06-29 balance Liabilities:US:Chase:Slate    -2140.74 USD

2020-06-30 * "Corner Deli" "Buying groceries"
  Liabilities:US:Chase:Slate                       -75.64 USD
  Expenses:Food:Groceries                           75.64 USD

2020-07-01 * "Goba Goba" "Eating out with Bill"
  Liabilities:US:Chase:Slate                       -28.68 USD
  Expenses:Food:Restaurant                          28.68 USD

2020-07-03 * "Kin Soy" "Eating out "
  Liabilities:US:Chase:Slate                       -26.77 USD
  Expenses:Food:Restaurant                          26.77 USD

2020-07-07 * "China Garden" "Eating out with Julie"
  Liabilities:US:Chase:Slate                       -32.25 USD
  Expenses:Food:Restaurant                          32.25 USD

2020-07-10 * "Chase:Slate" "Paying off credit card"
  Liabilities:US:Chase:Slate                       595.78 USD
  Assets:US:BofA:Checking                         -595.78 USD

2020-07-11 * "Kin Soy" "Eating out with Bill"
  Liabilities:US:Chase:Slate                       -21.75 USD
  Expenses:Food:Restaurant                          21.75 USD

2020-07-12 * "Good Moods Market" "Buying groceries"
  Liabilities:US:Chase:Slate                       -44.55 USD
  Expenses:Food:Groceries                           44.55 USD

2020-07-15 * "Kin Soy" "Eating out with work buddies"
  Liabilities:US:Chase:Slate                       -35.78 USD
  Expenses:Food:Restaurant                          35.78 USD

2020-07-19 * "China Garden" "Eating out with Julie"
  Liabilities:US:Chase:Slate                       -36.72 USD
  Expenses:Food:Restaurant                          36.72 USD

2020-07-21 * "Metro Transport Authority" "Tram tickets"
  Liabilities:US:Chase:Slate                      -120.00 USD
  Expenses:Transport:Tram                          120.00 USD

2020-07-23 * "Cafe Modagor" "Eating out "
  Liabilities:US:Chase:Slate                       -24.37 USD
  Expenses:Food:Restaurant                          24.37 USD

2020-07-25 * "Goba Goba" "Eating out after work"
  Liabilities:US:Chase:Slate                       -33.36 USD
  Expenses:Food:Restaurant                          33.36 USD

2020-07-28 balance Liabilities:US:Chase:Slate    -2024.83 USD

2020-07-28 * "Uncle Boons" "Eating out with Natasha"
  Liabilities:US:Chase:Slate                       -46.54 USD
  Expenses:Food:Restaurant                          46.54 USD

2020-07-30 * "Chichipotle" "Eating out with work buddies"
  Liabilities:US:Chase:Slate                       -23.38 USD
  Expenses:Food:Restaurant                          23.38 USD

2020-07-31 * "Kin Soy" "Eating out "
  Liabilities:US:Chase:Slate                       -22.09 USD
  Expenses:Food:Restaurant                          22.09 USD

2020-08-01 * "Farmer Fresh" "Buying groceries"
  Liabilities:US:Chase:Slate                       -87.81 USD
  Expenses:Food:Groceries                           87.81 USD

2020-08-05 * "Goba Goba" "Eating out after work"
  Liabilities:US:Chase:Slate                       -23.60 USD
  Expenses:Food:Restaurant                          23.60 USD

2020-08-06 * "Chichipotle" "Eating out with work buddies"
  Liabilities:US:Chase:Slate                       -29.39 USD
  Expenses:Food:Restaurant                          29.39 USD

2020-08-08 * "Onion Market" "Buying groceries"
  Liabilities:US:Chase:Slate                       -64.37 USD
  Expenses:Food:Groceries                           64.37 USD

2020-08-08 * "Chase:Slate" "Paying off credit card"
  Liabilities:US:Chase:Slate                       591.96 USD
  Assets:US:BofA:Checking                         -591.96 USD

2020-08-09 * "Jewel of Morroco" "Eating out with Natasha"
  Liabilities:US:Chase:Slate                       -22.19 USD
  Expenses:Food:Restaurant                          22.19 USD

2020-08-10 * "Chichipotle" "Eating out "
  Liabilities:US:Chase:Slate                       -34.60 USD
  Expenses:Food:Restaurant                          34.60 USD

2020-08-14 * "Kin Soy" "Eating out with Natasha"
  Liabilities:US:Chase:Slate                       -37.96 USD
  Expenses:Food:Restaurant                          37.96 USD

2020-08-15 * "Kin Soy" "Eating out "
  Liabilities:US:Chase:Slate                       -28.46 USD
  Expenses:Food:Restaurant                          28.46 USD

2020-08-16 * "Goba Goba" "Eating out with Joe"
  Liabilities:US:Chase:Slate                       -37.51 USD
  Expenses:Food:Restaurant                          37.51 USD

2020-08-18 * "Goba Goba" "Eating out with work buddies"
  Liabilities:US:Chase:Slate                       -66.35 USD
  Expenses:Food:Restaurant                          66.35 USD

2020-08-19 * "China Garden" "Eating out with Joe"
  Liabilities:US:Chase:Slate                       -40.38 USD
  Expenses:Food:Restaurant                          40.38 USD

2020-08-21 * "Metro Transport Authority" "Tram tickets"
  Liabilities:US:Chase:Slate                      -120.00 USD
  Expenses:Transport:Tram                          120.00 USD

2020-08-22 * "Good Moods Market" "Buying groceries"
  Liabilities:US:Chase:Slate                       -90.22 USD
  Expenses:Food:Groceries                           90.22 USD

2020-08-23 * "Rose Flower" "Eating out "
  Liabilities:US:Chase:Slate                       -12.90 USD
  Expenses:Food:Restaurant                          12.90 USD

2020-08-25 * "Jewel of Morroco" "Eating out "
  Liabilities:US:Chase:Slate                       -41.57 USD
  Expenses:Food:Restaurant                          41.57 USD

2020-08-26 balance Liabilities:US:Chase:Slate    -2262.19 USD

2020-08-30 * "Goba Goba" "Eating out with Bill"
  Liabilities:US:Chase:Slate                       -21.67 USD
  Expenses:Food:Restaurant                          21.67 USD

2020-09-02 * "China Garden" "Eating out with Joe"
  Liabilities:US:Chase:Slate                       -34.71 USD
  Expenses:Food:Restaurant                          34.71 USD

2020-09-06 * "Goba Goba" "Eating out with Julie"
  Liabilities:US:Chase:Slate                       -42.88 USD
  Expenses:Food:Restaurant                          42.88 USD

2020-09-07 * "Onion Market" "Buying groceries"
  Liabilities:US:Chase:Slate                       -87.23 USD
  Expenses:Food:Groceries                           87.23 USD

2020-09-09 * "Jewel of Morroco" "Eating out with Julie"
  Liabilities:US:Chase:Slate                       -28.32 USD
  Expenses:Food:Restaurant                          28.32 USD

2020-09-10 * "Chase:Slate" "Paying off credit card"
  Liabilities:US:Chase:Slate                       794.41 USD
  Assets:US:BofA:Checking                         -794.41 USD

2020-09-12 * "Rose Flower" "Eating out after work"
  Liabilities:US:Chase:Slate                       -47.46 USD
  Expenses:Food:Restaurant                          47.46 USD

2020-09-13 * "Onion Market" "Buying groceries"
  Liabilities:US:Chase:Slate                       -61.43 USD
  Expenses:Food:Groceries                           61.43 USD

2020-09-16 * "Kin Soy" "Eating out with Joe"
  Liabilities:US:Chase:Slate                       -53.76 USD
  Expenses:Food:Restaurant                          53.76 USD

2020-09-18 * "Jewel of Morroco" "Eating out with Julie"
  Liabilities:US:Chase:Slate                       -34.17 USD
  Expenses:Food:Restaurant                          34.17 USD

2020-09-18 * "Onion Market" "Buying groceries"
  Liabilities:US:Chase:Slate                       -84.78 USD
  Expenses:Food:Groceries                           84.78 USD

2020-09-19 * "Jewel of Morroco" "Eating out "
  Liabilities:US:Chase:Slate                       -19.33 USD
  Expenses:Food:Restaurant                          19.33 USD

2020-09-22 * "Rose Flower" "Eating out with Joe"
  Liabilities:US:Chase:Slate                       -15.89 USD
  Expenses:Food:Restaurant                          15.89 USD

2020-09-22 * "Metro Transport Authority" "Tram tickets"
  Liabilities:US:Chase:Slate                      -120.00 USD
  Expenses:Transport:Tram                          120.00 USD

2020-09-25 balance Liabilities:US:Chase:Slate    -2119.41 USD

2020-09-27 * "Uncle Boons" "Eating out with work buddies"
  Liabilities:US:Chase:Slate                       -39.73 USD
  Expenses:Food:Restaurant                          39.73 USD

2020-09-28 * "Goba Goba" "Eating out with Bill"
  Liabilities:US:Chase:Slate                       -38.85 USD
  Expenses:Food:Restaurant                          38.85 USD

2020-09-28 * "Farmer Fresh" "Buying groceries"
  Liabilities:US:Chase:Slate                       -61.62 USD
  Expenses:Food:Groceries                           61.62 USD

2020-10-02 * "Cafe Modagor" "Eating out after work"
  Liabilities:US:Chase:Slate                       -33.66 USD
  Expenses:Food:Restaurant                          33.66 USD

2020-10-04 * "Goba Goba" "Eating out after work"
  Liabilities:US:Chase:Slate                       -52.19 USD
  Expenses:Food:Restaurant                          52.19 USD

2020-10-04 * "Corner Deli" "Buying groceries"
  Liabilities:US:Chase:Slate                      -108.94 USD
  Expenses:Food:Groceries                          108.94 USD

2020-10-09 * "Uncle Boons" "Eating out with Natasha"
  Liabilities:US:Chase:Slate                       -28.46 USD
  Expenses:Food:Restaurant                          28.46 USD

2020-10-10 * "Onion Market" "Buying groceries"
  Liabilities:US:Chase:Slate                       -93.42 USD
  Expenses:Food:Groceries                           93.42 USD

2020-10-11 * "Kin Soy" "Eating out after work"
  Liabilities:US:Chase:Slate                       -17.44 USD
  Expenses:Food:Restaurant                          17.44 USD

2020-10-12 * "Uncle Boons" "Eating out with Joe"
  Liabilities:US:Chase:Slate                       -21.79 USD
  Expenses:Food:Restaurant                          21.79 USD

2020-10-13 * "Chichipotle" "Eating out with Joe"
  Liabilities:US:Chase:Slate                       -20.94 USD
  Expenses:Food:Restaurant                          20.94 USD



* Taxable Investments

2018-01-01 open Assets:US:ETrade:Cash                       USD
2018-01-01 open Assets:US:ETrade:ITOT                       ITOT
2018-01-01 open Assets:US:ETrade:VEA                       VEA
2018-01-01 open Assets:US:ETrade:VHT                       VHT
2018-01-01 open Assets:US:ETrade:GLD                       GLD
2018-01-01 open Income:US:ETrade:Gains                      USD
2018-01-01 open Income:US:ETrade:Dividends                  USD

2018-09-18 * "Dividends on portfolio"
  Assets:US:ETrade:Cash                              0.00 USD
  Income:US:ETrade:Dividends                         0.00 USD

2018-09-24 * "Buy shares of VEA"
  Assets:US:ETrade:Cash                          -3342.42 USD                         
  Assets:US:ETrade:VEA                                 49 VEA {68.03 USD, 2018-09-24}
  Expenses:Financial:Commissions                     8.95 USD                         

2018-10-31 * "Sell shares of VEA"
  Assets:US:ETrade:VEA                                -49 VEA {68.03 USD, 2018-09-24} @ 70.32 USD
  Assets:US:ETrade:Cash                           3436.73 USD                                     
  Expenses:Financial:Commissions                     8.95 USD                                     
  Income:US:ETrade:Gains                          -112.21 USD                                     

2018-11-14 * "Buy shares of VHT"
  Assets:US:ETrade:Cash                          -2538.19 USD                          
  Assets:US:ETrade:VHT                                 12 VHT {210.77 USD, 2018-11-14}
  Expenses:Financial:Commissions                     8.95 USD                          

2018-11-14 * "Buy shares of GLD"
  Assets:US:ETrade:Cash                          -2607.11 USD                         
  Assets:US:ETrade:GLD                                 47 GLD {55.28 USD, 2018-11-14}
  Expenses:Financial:Commissions                     8.95 USD                         

2018-11-14 * "Buy shares of ITOT"
  Assets:US:ETrade:Cash                          -2454.75 USD                          
  Assets:US:ETrade:ITOT                                14 ITOT {174.70 USD, 2018-11-14}
  Expenses:Financial:Commissions                     8.95 USD                          

2018-11-30 * "Sell shares of VHT"
  Assets:US:ETrade:VHT                                -12 VHT {210.77 USD, 2018-11-14} @ 214.18 USD
  Assets:US:ETrade:Cash                           2561.21 USD                                       
  Expenses:Financial:Commissions                     8.95 USD                                       
  Income:US:ETrade:Gains                           -40.92 USD                                       

2018-12-02 * "Buy shares of VHT"
  Assets:US:ETrade:Cash                           -651.49 USD                          
  Assets:US:ETrade:VHT                                  3 VHT {214.18 USD, 2018-12-02}
  Expenses:Financial:Commissions                     8.95 USD                          

2018-12-02 * "Buy shares of GLD"
  Assets:US:ETrade:Cash                           -708.87 USD                         
  Assets:US:ETrade:GLD                                 13 GLD {53.84 USD, 2018-12-02}
  Expenses:Financial:Commissions                     8.95 USD                         

2018-12-02 * "Buy shares of VEA"
  Assets:US:ETrade:Cash                           -698.65 USD                         
  Assets:US:ETrade:VEA                                 10 VEA {68.97 USD, 2018-12-02}
  Expenses:Financial:Commissions                     8.95 USD                         

2018-12-02 * "Buy shares of ITOT"
  Assets:US:ETrade:Cash                           -708.87 USD                          
  Assets:US:ETrade:ITOT                                 4 ITOT {174.98 USD, 2018-12-02}
  Expenses:Financial:Commissions                     8.95 USD                          

2018-12-17 * "Dividends on portfolio"
  Assets:US:ETrade:Cash                             54.56 USD
  Income:US:ETrade:Dividends                       -54.56 USD

2019-01-05 * "Sell shares of GLD"
  Assets:US:ETrade:GLD                                -47 GLD {55.28 USD, 2018-11-14} @ 54.01 USD
  Assets:US:ETrade:Cash                           2529.52 USD                                     
  Expenses:Financial:Commissions                     8.95 USD                                     
  Income:US:ETrade:Gains                            59.69 USD                                     

2019-02-02 * "Buy shares of VHT"
  Assets:US:ETrade:Cash                          -2764.69 USD                          
  Assets:US:ETrade:VHT                                 13 VHT {211.98 USD, 2019-02-02}
  Expenses:Financial:Commissions                     8.95 USD                          

2019-02-07 * "Sell shares of VEA"
  Assets:US:ETrade:VEA                                -10 VEA {68.97 USD, 2018-12-02} @ 74.83 USD
  Assets:US:ETrade:Cash                            739.35 USD                                     
  Expenses:Financial:Commissions                     8.95 USD                                     
  Income:US:ETrade:Gains                           -58.60 USD                                     

2019-03-18 * "Dividends on portfolio"
  Assets:US:ETrade:Cash                             65.58 USD
  Income:US:ETrade:Dividends                       -65.58 USD

2019-06-18 * "Dividends on portfolio"
  Assets:US:ETrade:Cash                             65.58 USD
  Income:US:ETrade:Dividends                       -65.58 USD

2019-09-14 * "Sell shares of ITOT"
  Assets:US:ETrade:ITOT                               -14 ITOT {174.70 USD, 2018-11-14} @ 173.16 USD
  Assets:US:ETrade:Cash                           2415.29 USD                                       
  Expenses:Financial:Commissions                     8.95 USD                                       
  Income:US:ETrade:Gains                            21.56 USD                                       

2019-09-18 * "Dividends on portfolio"
  Assets:US:ETrade:Cash                             65.58 USD
  Income:US:ETrade:Dividends                       -65.58 USD

2019-09-22 * "Buy shares of VEA"
  Assets:US:ETrade:Cash                          -1946.47 USD                         
  Assets:US:ETrade:VEA                                 26 VEA {74.52 USD, 2019-09-22}
  Expenses:Financial:Commissions                     8.95 USD                         

2019-09-22 * "Buy shares of GLD"
  Assets:US:ETrade:Cash                          -2007.52 USD                         
  Assets:US:ETrade:GLD                                 31 GLD {64.47 USD, 2019-09-22}
  Expenses:Financial:Commissions                     8.95 USD                         

2019-09-22 * "Buy shares of VHT"
  Assets:US:ETrade:Cash                          -1781.07 USD                          
  Assets:US:ETrade:VHT                                  7 VHT {253.16 USD, 2019-09-22}
  Expenses:Financial:Commissions                     8.95 USD                          

2019-09-22 * "Buy shares of ITOT"
  Assets:US:ETrade:Cash                          -1912.28 USD                          
  Assets:US:ETrade:ITOT                                11 ITOT {173.03 USD, 2019-09-22}
  Expenses:Financial:Commissions                     8.95 USD                          

2019-11-21 * "Buy shares of ITOT"
  Assets:US:ETrade:Cash                          -1373.67 USD                          
  Assets:US:ETrade:ITOT                                 8 ITOT {170.59 USD, 2019-11-21}
  Expenses:Financial:Commissions                     8.95 USD                          

2019-11-21 * "Buy shares of VHT"
  Assets:US:ETrade:Cash                          -1349.60 USD                          
  Assets:US:ETrade:VHT                                  5 VHT {268.13 USD, 2019-11-21}
  Expenses:Financial:Commissions                     8.95 USD                          

2019-11-21 * "Buy shares of GLD"
  Assets:US:ETrade:Cash                          -1505.20 USD                         
  Assets:US:ETrade:GLD                                 21 GLD {71.25 USD, 2019-11-21}
  Expenses:Financial:Commissions                     8.95 USD                         

2019-12-17 * "Dividends on portfolio"
  Assets:US:ETrade:Cash                            112.83 USD
  Income:US:ETrade:Dividends                      -112.83 USD

2020-01-14 * "Sell shares of VEA"
  Assets:US:ETrade:VEA                                -26 VEA {74.52 USD, 2019-09-22} @ 70.88 USD
  Assets:US:ETrade:Cash                           1833.93 USD                                     
  Expenses:Financial:Commissions                     8.95 USD                                     
  Income:US:ETrade:Gains                            94.64 USD                                     

2020-01-18 * "Buy shares of GLD"
  Assets:US:ETrade:Cash                           -474.91 USD                         
  Assets:US:ETrade:GLD                                  6 GLD {77.66 USD, 2020-01-18}
  Expenses:Financial:Commissions                     8.95 USD                         

2020-01-18 * "Buy shares of VHT"
  Assets:US:ETrade:Cash                           -280.10 USD                          
  Assets:US:ETrade:VHT                                  1 VHT {271.15 USD, 2020-01-18}
  Expenses:Financial:Commissions                     8.95 USD                          

2020-01-18 * "Buy shares of ITOT"
  Assets:US:ETrade:Cash                           -502.60 USD                          
  Assets:US:ETrade:ITOT                                 3 ITOT {164.55 USD, 2020-01-18}
  Expenses:Financial:Commissions                     8.95 USD                          

2020-01-18 * "Buy shares of VEA"
  Assets:US:ETrade:Cash                           -498.39 USD                         
  Assets:US:ETrade:VEA                                  7 VEA {69.92 USD, 2020-01-18}
  Expenses:Financial:Commissions                     8.95 USD                         

2020-03-03 * "Sell shares of VHT"
  Assets:US:ETrade:VHT                                -13 VHT {211.98 USD, 2019-02-02} @ 269.65 USD
  Assets:US:ETrade:Cash                           3496.50 USD                                       
  Expenses:Financial:Commissions                     8.95 USD                                       
  Income:US:ETrade:Gains                          -749.71 USD                                       

2020-03-17 * "Dividends on portfolio"
  Assets:US:ETrade:Cash                            119.71 USD
  Income:US:ETrade:Dividends                      -119.71 USD

2020-03-22 * "Buy shares of GLD"
  Assets:US:ETrade:Cash                           -867.17 USD                         
  Assets:US:ETrade:GLD                                 11 GLD {78.02 USD, 2020-03-22}
  Expenses:Financial:Commissions                     8.95 USD                         

2020-03-22 * "Buy shares of VEA"
  Assets:US:ETrade:Cash                           -891.55 USD                         
  Assets:US:ETrade:VEA                                 12 VEA {73.55 USD, 2020-03-22}
  Expenses:Financial:Commissions                     8.95 USD                         

2020-03-22 * "Buy shares of VHT"
  Assets:US:ETrade:Cash                           -843.01 USD                          
  Assets:US:ETrade:VHT                                  3 VHT {278.02 USD, 2020-03-22}
  Expenses:Financial:Commissions                     8.95 USD                          

2020-03-22 * "Buy shares of ITOT"
  Assets:US:ETrade:Cash                           -835.25 USD                          
  Assets:US:ETrade:ITOT                                 5 ITOT {165.26 USD, 2020-03-22}
  Expenses:Financial:Commissions                     8.95 USD                          

2020-06-05 * "Sell shares of ITOT"
  Assets:US:ETrade:ITOT                               -11 ITOT {173.03 USD, 2019-09-22} @ 159.47 USD
  Assets:US:ETrade:Cash                           1745.22 USD                                       
  Expenses:Financial:Commissions                     8.95 USD                                       
  Income:US:ETrade:Gains                           149.16 USD                                       

2020-06-17 * "Dividends on portfolio"
  Assets:US:ETrade:Cash                            133.32 USD
  Income:US:ETrade:Dividends                      -133.32 USD

2020-06-18 * "Buy shares of GLD"
  Assets:US:ETrade:Cash                          -2179.02 USD                         
  Assets:US:ETrade:GLD                                 29 GLD {74.83 USD, 2020-06-18}
  Expenses:Financial:Commissions                     8.95 USD                         

2020-08-06 * "Sell shares of GLD"
  Assets:US:ETrade:GLD                                -29 GLD {74.83 USD, 2020-06-18} @ 68.70 USD
  Assets:US:ETrade:Cash                           1983.35 USD                                     
  Expenses:Financial:Commissions                     8.95 USD                                     
  Income:US:ETrade:Gains                           177.77 USD                                     

2020-08-18 * "Buy shares of GLD"
  Assets:US:ETrade:Cash                           -576.39 USD                         
  Assets:US:ETrade:GLD                                  8 GLD {70.93 USD, 2020-08-18}
  Expenses:Financial:Commissions                     8.95 USD                         

2020-08-18 * "Buy shares of ITOT"
  Assets:US:ETrade:Cash                           -493.60 USD                          
  Assets:US:ETrade:ITOT                                 3 ITOT {161.55 USD, 2020-08-18}
  Expenses:Financial:Commissions                     8.95 USD                          

2020-08-18 * "Buy shares of VHT"
  Assets:US:ETrade:Cash                           -598.53 USD                          
  Assets:US:ETrade:VHT                                  2 VHT {294.79 USD, 2020-08-18}
  Expenses:Financial:Commissions                     8.95 USD                          

2020-08-23 * "Sell shares of GLD"
  Assets:US:ETrade:GLD                                -11 GLD {78.02 USD, 2020-03-22} @ 68.06 USD
  Assets:US:ETrade:Cash                            739.71 USD                                     
  Expenses:Financial:Commissions                     8.95 USD                                     
  Income:US:ETrade:Gains                           109.56 USD                                     

2020-09-07 * "Buy shares of VEA"
  Assets:US:ETrade:Cash                           -938.97 USD                         
  Assets:US:ETrade:VEA                                 13 VEA {71.54 USD, 2020-09-07}
  Expenses:Financial:Commissions                     8.95 USD                         

2020-09-17 * "Dividends on portfolio"
  Assets:US:ETrade:Cash                            152.28 USD
  Income:US:ETrade:Dividends                      -152.28 USD



* Vanguard Investments

2018-01-01 open Assets:US:Vanguard:VBMPX                     VBMPX
  number: "882882"
2018-01-01 open Assets:US:Vanguard:RGAGX                     RGAGX
  number: "882882"
2018-01-01 open Assets:US:Vanguard                            USD
  address: "P.O. Box 1110, Valley Forge, PA 19482-1110"
  institution: "Vanguard Group"
  phone: "+1.800.523.1188"
2018-01-01 open Income:US:Hoogle:Match401k                   USD
2018-01-01 open Assets:US:Vanguard:Cash                       USD
  number: "882882"

2018-01-05 * "Employer match for contribution"
  Assets:US:Vanguard:Cash                          600.00 USD
  Income:US:Hoogle:Match401k                      -600.00 USD

2018-01-08 * "Investing 40% of cash in VBMPX"
  Assets:US:Vanguard:VBMPX                          2.737 VBMPX {175.36 USD, 2018-01-08}
  Assets:US:Vanguard:Cash                         -479.96 USD                            

2018-01-08 * "Investing 60% of cash in RGAGX"
  Assets:US:Vanguard:RGAGX                          3.692 RGAGX {195.02 USD, 2018-01-08}
  Assets:US:Vanguard:Cash                         -720.01 USD                            

2018-01-08 * "Investing 40% of cash in VBMPX"
  Assets:US:Vanguard:VBMPX                          1.369 VBMPX {175.36 USD, 2018-01-08}
  Assets:US:Vanguard:Cash                         -240.07 USD                            

2018-01-08 * "Investing 60% of cash in RGAGX"
  Assets:US:Vanguard:RGAGX                          1.846 RGAGX {195.02 USD, 2018-01-08}
  Assets:US:Vanguard:Cash                         -360.01 USD                            

2018-01-19 * "Employer match for contribution"
  Assets:US:Vanguard:Cash                          600.00 USD
  Income:US:Hoogle:Match401k                      -600.00 USD

2018-01-22 * "Investing 40% of cash in VBMPX"
  Assets:US:Vanguard:VBMPX                          2.674 VBMPX {179.53 USD, 2018-01-22}
  Assets:US:Vanguard:Cash                         -480.06 USD                            

2018-01-22 * "Investing 60% of cash in RGAGX"
  Assets:US:Vanguard:RGAGX                          3.646 RGAGX {197.49 USD, 2018-01-22}
  Assets:US:Vanguard:Cash                         -720.05 USD                            

2018-01-22 * "Investing 40% of cash in VBMPX"
  Assets:US:Vanguard:VBMPX                          1.336 VBMPX {179.53 USD, 2018-01-22}
  Assets:US:Vanguard:Cash                         -239.85 USD                            

2018-01-22 * "Investing 60% of cash in RGAGX"
  Assets:US:Vanguard:RGAGX                          1.822 RGAGX {197.49 USD, 2018-01-22}
  Assets:US:Vanguard:Cash                         -359.83 USD                            

2018-02-02 * "Employer match for contribution"
  Assets:US:Vanguard:Cash                          600.00 USD
  Income:US:Hoogle:Match401k                      -600.00 USD

2018-02-05 * "Investing 40% of cash in VBMPX"
  Assets:US:Vanguard:VBMPX                          2.653 VBMPX {180.92 USD, 2018-02-05}
  Assets:US:Vanguard:Cash                         -479.98 USD                            

2018-02-05 * "Investing 60% of cash in RGAGX"
  Assets:US:Vanguard:RGAGX                          3.711 RGAGX {194.02 USD, 2018-02-05}
  Assets:US:Vanguard:Cash                         -720.01 USD                            

2018-02-05 * "Investing 40% of cash in VBMPX"
  Assets:US:Vanguard:VBMPX                          1.327 VBMPX {180.92 USD, 2018-02-05}
  Assets:US:Vanguard:Cash                         -240.08 USD                            

2018-02-05 * "Investing 60% of cash in RGAGX"
  Assets:US:Vanguard:RGAGX                          1.856 RGAGX {194.02 USD, 2018-02-05}
  Assets:US:Vanguard:Cash                         -360.10 USD                            

2018-02-16 * "Employer match for contribution"
  Assets:US:Vanguard:Cash                          600.00 USD
  Income:US:Hoogle:Match401k                      -600.00 USD

2018-02-19 * "Investing 40% of cash in VBMPX"
  Assets:US:Vanguard:VBMPX                          2.707 VBMPX {177.34 USD, 2018-02-19}
  Assets:US:Vanguard:Cash                         -480.06 USD                            

2018-02-19 * "Investing 60% of cash in RGAGX"
  Assets:US:Vanguard:RGAGX                          3.706 RGAGX {194.30 USD, 2018-02-19}
  Assets:US:Vanguard:Cash                         -720.08 USD                            

2018-02-19 * "Investing 40% of cash in VBMPX"
  Assets:US:Vanguard:VBMPX                          1.353 VBMPX {177.34 USD, 2018-02-19}
  Assets:US:Vanguard:Cash                         -239.94 USD                            

2018-02-19 * "Investing 60% of cash in RGAGX"
  Assets:US:Vanguard:RGAGX                          1.852 RGAGX {194.30 USD, 2018-02-19}
  Assets:US:Vanguard:Cash                         -359.84 USD                            

2018-03-02 * "Employer match for contribution"
  Assets:US:Vanguard:Cash                          600.00 USD
  Income:US:Hoogle:Match401k                      -600.00 USD

2018-03-05 * "Investing 40% of cash in VBMPX"
  Assets:US:Vanguard:VBMPX                          2.692 VBMPX {178.29 USD, 2018-03-05}
  Assets:US:Vanguard:Cash                         -479.96 USD                            

2018-03-05 * "Investing 60% of cash in RGAGX"
  Assets:US:Vanguard:RGAGX                          3.790 RGAGX {189.99 USD, 2018-03-05}
  Assets:US:Vanguard:Cash                         -720.06 USD                            

2018-03-05 * "Investing 40% of cash in VBMPX"
  Assets:US:Vanguard:VBMPX                          1.346 VBMPX {178.29 USD, 2018-03-05}
  Assets:US:Vanguard:Cash                         -239.98 USD                            

2018-03-05 * "Investing 60% of cash in RGAGX"
  Assets:US:Vanguard:RGAGX                          1.895 RGAGX {189.99 USD, 2018-03-05}
  Assets:US:Vanguard:Cash                         -360.03 USD                            

2018-03-16 * "Employer match for contribution"
  Assets:US:Vanguard:Cash                          600.00 USD
  Income:US:Hoogle:Match401k                      -600.00 USD

2018-03-19 * "Investing 40% of cash in VBMPX"
  Assets:US:Vanguard:VBMPX                          2.689 VBMPX {178.53 USD, 2018-03-19}
  Assets:US:Vanguard:Cash                         -480.07 USD                            

2018-03-19 * "Investing 60% of cash in RGAGX"
  Assets:US:Vanguard:RGAGX                          3.812 RGAGX {188.89 USD, 2018-03-19}
  Assets:US:Vanguard:Cash                         -720.05 USD                            

2018-03-19 * "Investing 40% of cash in VBMPX"
  Assets:US:Vanguard:VBMPX                          1.344 VBMPX {178.53 USD, 2018-03-19}
  Assets:US:Vanguard:Cash                         -239.94 USD                            

2018-03-19 * "Investing 60% of cash in RGAGX"
  Assets:US:Vanguard:RGAGX                          1.906 RGAGX {188.89 USD, 2018-03-19}
  Assets:US:Vanguard:Cash                         -360.02 USD                            

2018-03-30 * "Employer match for contribution"
  Assets:US:Vanguard:Cash                          600.00 USD
  Income:US:Hoogle:Match401k                      -600.00 USD

2018-04-02 * "Investing 40% of cash in VBMPX"
  Assets:US:Vanguard:VBMPX                          2.704 VBMPX {177.54 USD, 2018-04-02}
  Assets:US:Vanguard:Cash                         -480.07 USD                            

2018-04-02 * "Investing 60% of cash in RGAGX"
  Assets:US:Vanguard:RGAGX                          3.709 RGAGX {194.12 USD, 2018-04-02}
  Assets:US:Vanguard:Cash                         -719.99 USD                            

2018-04-02 * "Investing 40% of cash in VBMPX"
  Assets:US:Vanguard:VBMPX                          1.352 VBMPX {177.54 USD, 2018-04-02}
  Assets:US:Vanguard:Cash                         -240.03 USD                            

2018-04-02 * "Investing 60% of cash in RGAGX"
  Assets:US:Vanguard:RGAGX                          1.854 RGAGX {194.12 USD, 2018-04-02}
  Assets:US:Vanguard:Cash                         -359.90 USD                            

2018-04-13 * "Employer match for contribution"
  Assets:US:Vanguard:Cash                          600.00 USD
  Income:US:Hoogle:Match401k                      -600.00 USD

2018-04-16 * "Investing 40% of cash in VBMPX"
  Assets:US:Vanguard:VBMPX                          2.760 VBMPX {173.89 USD, 2018-04-16}
  Assets:US:Vanguard:Cash                         -479.94 USD                            

2018-04-16 * "Investing 60% of cash in RGAGX"
  Assets:US:Vanguard:RGAGX                          3.641 RGAGX {197.77 USD, 2018-04-16}
  Assets:US:Vanguard:Cash                         -720.08 USD                            

2018-04-16 * "Investing 40% of cash in VBMPX"
  Assets:US:Vanguard:VBMPX                          1.380 VBMPX {173.89 USD, 2018-04-16}
  Assets:US:Vanguard:Cash                         -239.97 USD                            

2018-04-16 * "Investing 60% of cash in RGAGX"
  Assets:US:Vanguard:RGAGX                          1.820 RGAGX {197.77 USD, 2018-04-16}
  Assets:US:Vanguard:Cash                         -359.94 USD                            

2018-04-27 * "Employer match for contribution"
  Assets:US:Vanguard:Cash                          600.00 USD
  Income:US:Hoogle:Match401k                      -600.00 USD

2018-04-30 * "Investing 40% of cash in VBMPX"
  Assets:US:Vanguard:VBMPX                          2.716 VBMPX {176.74 USD, 2018-04-30}
  Assets:US:Vanguard:Cash                         -480.03 USD                            

2018-04-30 * "Investing 60% of cash in RGAGX"
  Assets:US:Vanguard:RGAGX                          3.553 RGAGX {202.64 USD, 2018-04-30}
  Assets:US:Vanguard:Cash                         -719.98 USD                            

2018-04-30 * "Investing 40% of cash in VBMPX"
  Assets:US:Vanguard:VBMPX                          1.358 VBMPX {176.74 USD, 2018-04-30}
  Assets:US:Vanguard:Cash                         -240.01 USD                            

2018-04-30 * "Investing 60% of cash in RGAGX"
  Assets:US:Vanguard:RGAGX                          1.777 RGAGX {202.64 USD, 2018-04-30}
  Assets:US:Vanguard:Cash                         -360.09 USD                            

2018-05-11 * "Employer match for contribution"
  Assets:US:Vanguard:Cash                          600.00 USD
  Income:US:Hoogle:Match401k                      -600.00 USD

2018-05-14 * "Investing 40% of cash in VBMPX"
  Assets:US:Vanguard:VBMPX                          2.648 VBMPX {181.29 USD, 2018-05-14}
  Assets:US:Vanguard:Cash                         -480.06 USD                            

2018-05-14 * "Investing 60% of cash in RGAGX"
  Assets:US:Vanguard:RGAGX                          3.493 RGAGX {206.14 USD, 2018-05-14}
  Assets:US:Vanguard:Cash                         -720.05 USD                            

2018-05-14 * "Investing 40% of cash in VBMPX"
  Assets:US:Vanguard:VBMPX                          1.323 VBMPX {181.29 USD, 2018-05-14}
  Assets:US:Vanguard:Cash                         -239.85 USD                            

2018-05-14 * "Investing 60% of cash in RGAGX"
  Assets:US:Vanguard:RGAGX                          1.746 RGAGX {206.14 USD, 2018-05-14}
  Assets:US:Vanguard:Cash                         -359.92 USD                            

2018-05-25 * "Employer match for contribution"
  Assets:US:Vanguard:Cash                          600.00 USD
  Income:US:Hoogle:Match401k                      -600.00 USD

2018-05-28 * "Investing 40% of cash in VBMPX"
  Assets:US:Vanguard:VBMPX                          2.636 VBMPX {182.12 USD, 2018-05-28}
  Assets:US:Vanguard:Cash                         -480.07 USD                            

2018-05-28 * "Investing 60% of cash in RGAGX"
  Assets:US:Vanguard:RGAGX                          3.516 RGAGX {204.81 USD, 2018-05-28}
  Assets:US:Vanguard:Cash                         -720.11 USD                            

2018-05-28 * "Investing 40% of cash in VBMPX"
  Assets:US:Vanguard:VBMPX                          1.318 VBMPX {182.12 USD, 2018-05-28}
  Assets:US:Vanguard:Cash                         -240.03 USD                            

2018-05-28 * "Investing 60% of cash in RGAGX"
  Assets:US:Vanguard:RGAGX                          1.757 RGAGX {204.81 USD, 2018-05-28}
  Assets:US:Vanguard:Cash                         -359.85 USD                            

2018-06-08 * "Employer match for contribution"
  Assets:US:Vanguard:Cash                          600.00 USD
  Income:US:Hoogle:Match401k                      -600.00 USD

2018-06-11 * "Investing 40% of cash in VBMPX"
  Assets:US:Vanguard:VBMPX                          2.651 VBMPX {181.08 USD, 2018-06-11}
  Assets:US:Vanguard:Cash                         -480.04 USD                            

2018-06-11 * "Investing 60% of cash in RGAGX"
  Assets:US:Vanguard:RGAGX                          3.462 RGAGX {208.00 USD, 2018-06-11}
  Assets:US:Vanguard:Cash                         -720.10 USD                            

2018-06-11 * "Investing 40% of cash in VBMPX"
  Assets:US:Vanguard:VBMPX                          1.325 VBMPX {181.08 USD, 2018-06-11}
  Assets:US:Vanguard:Cash                         -239.93 USD                            

2018-06-11 * "Investing 60% of cash in RGAGX"
  Assets:US:Vanguard:RGAGX                          1.730 RGAGX {208.00 USD, 2018-06-11}
  Assets:US:Vanguard:Cash                         -359.84 USD                            

2018-06-22 * "Employer match for contribution"
  Assets:US:Vanguard:Cash                          600.00 USD
  Income:US:Hoogle:Match401k                      -600.00 USD

2018-06-25 * "Investing 40% of cash in VBMPX"
  Assets:US:Vanguard:VBMPX                          2.643 VBMPX {181.61 USD, 2018-06-25}
  Assets:US:Vanguard:Cash                         -480.00 USD                            

2018-06-25 * "Investing 60% of cash in RGAGX"
  Assets:US:Vanguard:RGAGX                          3.481 RGAGX {206.85 USD, 2018-06-25}
  Assets:US:Vanguard:Cash                         -720.04 USD                            

2018-06-25 * "Investing 40% of cash in VBMPX"
  Assets:US:Vanguard:VBMPX                          1.322 VBMPX {181.61 USD, 2018-06-25}
  Assets:US:Vanguard:Cash                         -240.09 USD                            

2018-06-25 * "Investing 60% of cash in RGAGX"
  Assets:US:Vanguard:RGAGX                          1.741 RGAGX {206.85 USD, 2018-06-25}
  Assets:US:Vanguard:Cash                         -360.13 USD                            

2018-07-06 * "Employer match for contribution"
  Assets:US:Vanguard:Cash                          600.00 USD
  Income:US:Hoogle:Match401k                      -600.00 USD

2018-07-09 * "Investing 40% of cash in VBMPX"
  Assets:US:Vanguard:VBMPX                          2.623 VBMPX {182.94 USD, 2018-07-09}
  Assets:US:Vanguard:Cash                         -479.85 USD                            

2018-07-09 * "Investing 60% of cash in RGAGX"
  Assets:US:Vanguard:RGAGX                          3.479 RGAGX {206.90 USD, 2018-07-09}
  Assets:US:Vanguard:Cash                         -719.81 USD                            

2018-07-09 * "Investing 40% of cash in VBMPX"
  Assets:US:Vanguard:VBMPX                          1.312 VBMPX {182.94 USD, 2018-07-09}
  Assets:US:Vanguard:Cash                         -240.02 USD                            

2018-07-09 * "Investing 60% of cash in RGAGX"
  Assets:US:Vanguard:RGAGX                          1.740 RGAGX {206.90 USD, 2018-07-09}
  Assets:US:Vanguard:Cash                         -360.01 USD                            

2018-07-20 * "Employer match for contribution"
  Assets:US:Vanguard:Cash                          600.00 USD
  Income:US:Hoogle:Match401k                      -600.00 USD

2018-07-23 * "Investing 40% of cash in VBMPX"
  Assets:US:Vanguard:VBMPX                          2.644 VBMPX {181.53 USD, 2018-07-23}
  Assets:US:Vanguard:Cash                         -479.97 USD                            

2018-07-23 * "Investing 60% of cash in RGAGX"
  Assets:US:Vanguard:RGAGX                          3.463 RGAGX {207.96 USD, 2018-07-23}
  Assets:US:Vanguard:Cash                         -720.17 USD                            

2018-07-23 * "Investing 40% of cash in VBMPX"
  Assets:US:Vanguard:VBMPX                          1.322 VBMPX {181.53 USD, 2018-07-23}
  Assets:US:Vanguard:Cash                         -239.98 USD                            

2018-07-23 * "Investing 60% of cash in RGAGX"
  Assets:US:Vanguard:RGAGX                          1.731 RGAGX {207.96 USD, 2018-07-23}
  Assets:US:Vanguard:Cash                         -359.98 USD                            

2018-08-03 * "Employer match for contribution"
  Assets:US:Vanguard:Cash                          250.00 USD
  Income:US:Hoogle:Match401k                      -250.00 USD

2018-08-06 * "Investing 40% of cash in VBMPX"
  Assets:US:Vanguard:VBMPX                          1.139 VBMPX {175.57 USD, 2018-08-06}
  Assets:US:Vanguard:Cash                         -199.97 USD                            

2018-08-06 * "Investing 60% of cash in RGAGX"
  Assets:US:Vanguard:RGAGX                          1.428 RGAGX {210.05 USD, 2018-08-06}
  Assets:US:Vanguard:Cash                         -299.95 USD                            

2018-08-06 * "Investing 40% of cash in VBMPX"
  Assets:US:Vanguard:VBMPX                          0.570 VBMPX {175.57 USD, 2018-08-06}
  Assets:US:Vanguard:Cash                         -100.07 USD                            

2018-08-06 * "Investing 60% of cash in RGAGX"
  Assets:US:Vanguard:RGAGX                          0.714 RGAGX {210.05 USD, 2018-08-06}
  Assets:US:Vanguard:Cash                         -149.98 USD                            

2019-01-04 * "Employer match for contribution"
  Assets:US:Vanguard:Cash                          600.00 USD
  Income:US:Hoogle:Match401k                      -600.00 USD

2019-01-07 * "Investing 40% of cash in VBMPX"
  Assets:US:Vanguard:VBMPX                          2.682 VBMPX {178.96 USD, 2019-01-07}
  Assets:US:Vanguard:Cash                         -479.97 USD                            

2019-01-07 * "Investing 60% of cash in RGAGX"
  Assets:US:Vanguard:RGAGX                          3.469 RGAGX {207.59 USD, 2019-01-07}
  Assets:US:Vanguard:Cash                         -720.13 USD                            

2019-01-07 * "Investing 40% of cash in VBMPX"
  Assets:US:Vanguard:VBMPX                          1.341 VBMPX {178.96 USD, 2019-01-07}
  Assets:US:Vanguard:Cash                         -239.99 USD                            

2019-01-07 * "Investing 60% of cash in RGAGX"
  Assets:US:Vanguard:RGAGX                          1.734 RGAGX {207.59 USD, 2019-01-07}
  Assets:US:Vanguard:Cash                         -359.96 USD                            

2019-01-18 * "Employer match for contribution"
  Assets:US:Vanguard:Cash                          600.00 USD
  Income:US:Hoogle:Match401k                      -600.00 USD

2019-01-21 * "Investing 40% of cash in VBMPX"
  Assets:US:Vanguard:VBMPX                          2.712 VBMPX {177.01 USD, 2019-01-21}
  Assets:US:Vanguard:Cash                         -480.05 USD                            

2019-01-21 * "Investing 60% of cash in RGAGX"
  Assets:US:Vanguard:RGAGX                          3.418 RGAGX {210.67 USD, 2019-01-21}
  Assets:US:Vanguard:Cash                         -720.07 USD                            

2019-01-21 * "Investing 40% of cash in VBMPX"
  Assets:US:Vanguard:VBMPX                          1.356 VBMPX {177.01 USD, 2019-01-21}
  Assets:US:Vanguard:Cash                         -240.03 USD                            

2019-01-21 * "Investing 60% of cash in RGAGX"
  Assets:US:Vanguard:RGAGX                          1.709 RGAGX {210.67 USD, 2019-01-21}
  Assets:US:Vanguard:Cash                         -360.04 USD                            

2019-02-01 * "Employer match for contribution"
  Assets:US:Vanguard:Cash                          600.00 USD
  Income:US:Hoogle:Match401k                      -600.00 USD

2019-02-04 * "Investing 40% of cash in VBMPX"
  Assets:US:Vanguard:VBMPX                          2.671 VBMPX {179.65 USD, 2019-02-04}
  Assets:US:Vanguard:Cash                         -479.85 USD                            

2019-02-04 * "Investing 60% of cash in RGAGX"
  Assets:US:Vanguard:RGAGX                          3.400 RGAGX {211.73 USD, 2019-02-04}
  Assets:US:Vanguard:Cash                         -719.88 USD                            

2019-02-04 * "Investing 40% of cash in VBMPX"
  Assets:US:Vanguard:VBMPX                          1.336 VBMPX {179.65 USD, 2019-02-04}
  Assets:US:Vanguard:Cash                         -240.01 USD                            

2019-02-04 * "Investing 60% of cash in RGAGX"
  Assets:US:Vanguard:RGAGX                          1.701 RGAGX {211.73 USD, 2019-02-04}
  Assets:US:Vanguard:Cash                         -360.15 USD                            

2019-02-15 * "Employer match for contribution"
  Assets:US:Vanguard:Cash                          600.00 USD
  Income:US:Hoogle:Match401k                      -600.00 USD

2019-02-18 * "Investing 40% of cash in VBMPX"
  Assets:US:Vanguard:VBMPX                          2.661 VBMPX {180.34 USD, 2019-02-18}
  Assets:US:Vanguard:Cash                         -479.88 USD                            

2019-02-18 * "Investing 60% of cash in RGAGX"
  Assets:US:Vanguard:RGAGX                          3.397 RGAGX {211.91 USD, 2019-02-18}
  Assets:US:Vanguard:Cash                         -719.86 USD                            

2019-02-18 * "Investing 40% of cash in VBMPX"
  Assets:US:Vanguard:VBMPX                          1.331 VBMPX {180.34 USD, 2019-02-18}
  Assets:US:Vanguard:Cash                         -240.03 USD                            

2019-02-18 * "Investing 60% of cash in RGAGX"
  Assets:US:Vanguard:RGAGX                          1.699 RGAGX {211.91 USD, 2019-02-18}
  Assets:US:Vanguard:Cash                         -360.04 USD                            

2019-03-01 * "Employer match for contribution"
  Assets:US:Vanguard:Cash                          600.00 USD
  Income:US:Hoogle:Match401k                      -600.00 USD

2019-03-04 * "Investing 40% of cash in VBMPX"
  Assets:US:Vanguard:VBMPX                          2.654 VBMPX {180.88 USD, 2019-03-04}
  Assets:US:Vanguard:Cash                         -480.06 USD                            

2019-03-04 * "Investing 60% of cash in RGAGX"
  Assets:US:Vanguard:RGAGX                          3.395 RGAGX {212.09 USD, 2019-03-04}
  Assets:US:Vanguard:Cash                         -720.05 USD                            

2019-03-04 * "Investing 40% of cash in VBMPX"
  Assets:US:Vanguard:VBMPX                          1.327 VBMPX {180.88 USD, 2019-03-04}
  Assets:US:Vanguard:Cash                         -240.03 USD                            

2019-03-04 * "Investing 60% of cash in RGAGX"
  Assets:US:Vanguard:RGAGX                          1.697 RGAGX {212.09 USD, 2019-03-04}
  Assets:US:Vanguard:Cash                         -359.92 USD                            

2019-03-15 * "Employer match for contribution"
  Assets:US:Vanguard:Cash                          600.00 USD
  Income:US:Hoogle:Match401k                      -600.00 USD

2019-03-18 * "Investing 40% of cash in VBMPX"
  Assets:US:Vanguard:VBMPX                          2.612 VBMPX {183.78 USD, 2019-03-18}
  Assets:US:Vanguard:Cash                         -480.03 USD                            

2019-03-18 * "Investing 60% of cash in RGAGX"
  Assets:US:Vanguard:RGAGX                          3.353 RGAGX {214.77 USD, 2019-03-18}
  Assets:US:Vanguard:Cash                         -720.12 USD                            

2019-03-18 * "Investing 40% of cash in VBMPX"
  Assets:US:Vanguard:VBMPX                          1.306 VBMPX {183.78 USD, 2019-03-18}
  Assets:US:Vanguard:Cash                         -240.02 USD                            

2019-03-18 * "Investing 60% of cash in RGAGX"
  Assets:US:Vanguard:RGAGX                          1.676 RGAGX {214.77 USD, 2019-03-18}
  Assets:US:Vanguard:Cash                         -359.95 USD                            

2019-03-29 * "Employer match for contribution"
  Assets:US:Vanguard:Cash                          600.00 USD
  Income:US:Hoogle:Match401k                      -600.00 USD

2019-04-01 * "Investing 40% of cash in VBMPX"
  Assets:US:Vanguard:VBMPX                          2.554 VBMPX {187.96 USD, 2019-04-01}
  Assets:US:Vanguard:Cash                         -480.05 USD                            

2019-04-01 * "Investing 60% of cash in RGAGX"
  Assets:US:Vanguard:RGAGX                          3.321 RGAGX {216.78 USD, 2019-04-01}
  Assets:US:Vanguard:Cash                         -719.93 USD                            

2019-04-01 * "Investing 40% of cash in VBMPX"
  Assets:US:Vanguard:VBMPX                          1.277 VBMPX {187.96 USD, 2019-04-01}
  Assets:US:Vanguard:Cash                         -240.02 USD                            

2019-04-01 * "Investing 60% of cash in RGAGX"
  Assets:US:Vanguard:RGAGX                          1.661 RGAGX {216.78 USD, 2019-04-01}
  Assets:US:Vanguard:Cash                         -360.07 USD                            

2019-04-12 * "Employer match for contribution"
  Assets:US:Vanguard:Cash                          600.00 USD
  Income:US:Hoogle:Match401k                      -600.00 USD

2019-04-15 * "Investing 40% of cash in VBMPX"
  Assets:US:Vanguard:VBMPX                          2.595 VBMPX {184.95 USD, 2019-04-15}
  Assets:US:Vanguard:Cash                         -479.95 USD                            

2019-04-15 * "Investing 60% of cash in RGAGX"
  Assets:US:Vanguard:RGAGX                          3.351 RGAGX {214.86 USD, 2019-04-15}
  Assets:US:Vanguard:Cash                         -720.00 USD                            

2019-04-15 * "Investing 40% of cash in VBMPX"
  Assets:US:Vanguard:VBMPX                          1.297 VBMPX {184.95 USD, 2019-04-15}
  Assets:US:Vanguard:Cash                         -239.88 USD                            

2019-04-15 * "Investing 60% of cash in RGAGX"
  Assets:US:Vanguard:RGAGX                          1.675 RGAGX {214.86 USD, 2019-04-15}
  Assets:US:Vanguard:Cash                         -359.89 USD                            

2019-04-26 * "Employer match for contribution"
  Assets:US:Vanguard:Cash                          600.00 USD
  Income:US:Hoogle:Match401k                      -600.00 USD

2019-04-29 * "Investing 40% of cash in VBMPX"
  Assets:US:Vanguard:VBMPX                          2.596 VBMPX {184.94 USD, 2019-04-29}
  Assets:US:Vanguard:Cash                         -480.10 USD                            

2019-04-29 * "Investing 60% of cash in RGAGX"
  Assets:US:Vanguard:RGAGX                          3.299 RGAGX {218.25 USD, 2019-04-29}
  Assets:US:Vanguard:Cash                         -720.01 USD                            

2019-04-29 * "Investing 40% of cash in VBMPX"
  Assets:US:Vanguard:VBMPX                          1.298 VBMPX {184.94 USD, 2019-04-29}
  Assets:US:Vanguard:Cash                         -240.05 USD                            

2019-04-29 * "Investing 60% of cash in RGAGX"
  Assets:US:Vanguard:RGAGX                          1.650 RGAGX {218.25 USD, 2019-04-29}
  Assets:US:Vanguard:Cash                         -360.11 USD                            

2019-05-10 * "Employer match for contribution"
  Assets:US:Vanguard:Cash                          600.00 USD
  Income:US:Hoogle:Match401k                      -600.00 USD

2019-05-13 * "Investing 40% of cash in VBMPX"
  Assets:US:Vanguard:VBMPX                          2.553 VBMPX {187.96 USD, 2019-05-13}
  Assets:US:Vanguard:Cash                         -479.86 USD                            

2019-05-13 * "Investing 60% of cash in RGAGX"
  Assets:US:Vanguard:RGAGX                          3.332 RGAGX {216.06 USD, 2019-05-13}
  Assets:US:Vanguard:Cash                         -719.91 USD                            

2019-05-13 * "Investing 40% of cash in VBMPX"
  Assets:US:Vanguard:VBMPX                          1.277 VBMPX {187.96 USD, 2019-05-13}
  Assets:US:Vanguard:Cash                         -240.02 USD                            

2019-05-13 * "Investing 60% of cash in RGAGX"
  Assets:US:Vanguard:RGAGX                          1.667 RGAGX {216.06 USD, 2019-05-13}
  Assets:US:Vanguard:Cash                         -360.17 USD                            

2019-05-24 * "Employer match for contribution"
  Assets:US:Vanguard:Cash                          600.00 USD
  Income:US:Hoogle:Match401k                      -600.00 USD

2019-05-27 * "Investing 40% of cash in VBMPX"
  Assets:US:Vanguard:VBMPX                          2.634 VBMPX {182.23 USD, 2019-05-27}
  Assets:US:Vanguard:Cash                         -479.99 USD                            

2019-05-27 * "Investing 60% of cash in RGAGX"
  Assets:US:Vanguard:RGAGX                          3.349 RGAGX {214.98 USD, 2019-05-27}
  Assets:US:Vanguard:Cash                         -719.97 USD                            

2019-05-27 * "Investing 40% of cash in VBMPX"
  Assets:US:Vanguard:VBMPX                          1.317 VBMPX {182.23 USD, 2019-05-27}
  Assets:US:Vanguard:Cash                         -240.00 USD                            

2019-05-27 * "Investing 60% of cash in RGAGX"
  Assets:US:Vanguard:RGAGX                          1.674 RGAGX {214.98 USD, 2019-05-27}
  Assets:US:Vanguard:Cash                         -359.88 USD                            

2019-06-07 * "Employer match for contribution"
  Assets:US:Vanguard:Cash                          600.00 USD
  Income:US:Hoogle:Match401k                      -600.00 USD

2019-06-10 * "Investing 40% of cash in VBMPX"
  Assets:US:Vanguard:VBMPX                          2.685 VBMPX {178.75 USD, 2019-06-10}
  Assets:US:Vanguard:Cash                         -479.94 USD                            

2019-06-10 * "Investing 60% of cash in RGAGX"
  Assets:US:Vanguard:RGAGX                          3.285 RGAGX {219.22 USD, 2019-06-10}
  Assets:US:Vanguard:Cash                         -720.14 USD                            

2019-06-10 * "Investing 40% of cash in VBMPX"
  Assets:US:Vanguard:VBMPX                          1.343 VBMPX {178.75 USD, 2019-06-10}
  Assets:US:Vanguard:Cash                         -240.06 USD                            

2019-06-10 * "Investing 60% of cash in RGAGX"
  Assets:US:Vanguard:RGAGX                          1.642 RGAGX {219.22 USD, 2019-06-10}
  Assets:US:Vanguard:Cash                         -359.96 USD                            

2019-06-21 * "Employer match for contribution"
  Assets:US:Vanguard:Cash                          600.00 USD
  Income:US:Hoogle:Match401k                      -600.00 USD

2019-06-24 * "Investing 40% of cash in VBMPX"
  Assets:US:Vanguard:VBMPX                          2.637 VBMPX {182.01 USD, 2019-06-24}
  Assets:US:Vanguard:Cash                         -479.96 USD                            

2019-06-24 * "Investing 60% of cash in RGAGX"
  Assets:US:Vanguard:RGAGX                          3.253 RGAGX {221.35 USD, 2019-06-24}
  Assets:US:Vanguard:Cash                         -720.05 USD                            

2019-06-24 * "Investing 40% of cash in VBMPX"
  Assets:US:Vanguard:VBMPX                          1.319 VBMPX {182.01 USD, 2019-06-24}
  Assets:US:Vanguard:Cash                         -240.07 USD                            

2019-06-24 * "Investing 60% of cash in RGAGX"
  Assets:US:Vanguard:RGAGX                          1.626 RGAGX {221.35 USD, 2019-06-24}
  Assets:US:Vanguard:Cash                         -359.92 USD                            

2019-07-05 * "Employer match for contribution"
  Assets:US:Vanguard:Cash                          600.00 USD
  Income:US:Hoogle:Match401k                      -600.00 USD

2019-07-08 * "Investing 40% of cash in VBMPX"
  Assets:US:Vanguard:VBMPX                          2.685 VBMPX {178.80 USD, 2019-07-08}
  Assets:US:Vanguard:Cash                         -480.08 USD                            

2019-07-08 * "Investing 60% of cash in RGAGX"
  Assets:US:Vanguard:RGAGX                          3.279 RGAGX {219.58 USD, 2019-07-08}
  Assets:US:Vanguard:Cash                         -720.00 USD                            

2019-07-08 * "Investing 40% of cash in VBMPX"
  Assets:US:Vanguard:VBMPX                          1.342 VBMPX {178.80 USD, 2019-07-08}
  Assets:US:Vanguard:Cash                         -239.95 USD                            

2019-07-08 * "Investing 60% of cash in RGAGX"
  Assets:US:Vanguard:RGAGX                          1.639 RGAGX {219.58 USD, 2019-07-08}
  Assets:US:Vanguard:Cash                         -359.89 USD                            

2019-07-19 * "Employer match for contribution"
  Assets:US:Vanguard:Cash                          600.00 USD
  Income:US:Hoogle:Match401k                      -600.00 USD

2019-07-22 * "Investing 40% of cash in VBMPX"
  Assets:US:Vanguard:VBMPX                          2.652 VBMPX {181.01 USD, 2019-07-22}
  Assets:US:Vanguard:Cash                         -480.04 USD                            

2019-07-22 * "Investing 60% of cash in RGAGX"
  Assets:US:Vanguard:RGAGX                          3.264 RGAGX {220.57 USD, 2019-07-22}
  Assets:US:Vanguard:Cash                         -719.94 USD                            

2019-07-22 * "Investing 40% of cash in VBMPX"
  Assets:US:Vanguard:VBMPX                          1.326 VBMPX {181.01 USD, 2019-07-22}
  Assets:US:Vanguard:Cash                         -240.02 USD                            

2019-07-22 * "Investing 60% of cash in RGAGX"
  Assets:US:Vanguard:RGAGX                          1.632 RGAGX {220.57 USD, 2019-07-22}
  Assets:US:Vanguard:Cash                         -359.97 USD                            

2019-08-02 * "Employer match for contribution"
  Assets:US:Vanguard:Cash                          250.00 USD
  Income:US:Hoogle:Match401k                      -250.00 USD

2019-08-05 * "Investing 40% of cash in VBMPX"
  Assets:US:Vanguard:VBMPX                          1.102 VBMPX {181.56 USD, 2019-08-05}
  Assets:US:Vanguard:Cash                         -200.08 USD                            

2019-08-05 * "Investing 60% of cash in RGAGX"
  Assets:US:Vanguard:RGAGX                          1.351 RGAGX {222.15 USD, 2019-08-05}
  Assets:US:Vanguard:Cash                         -300.12 USD                            

2019-08-05 * "Investing 40% of cash in VBMPX"
  Assets:US:Vanguard:VBMPX                          0.551 VBMPX {181.56 USD, 2019-08-05}
  Assets:US:Vanguard:Cash                         -100.04 USD                            

2019-08-05 * "Investing 60% of cash in RGAGX"
  Assets:US:Vanguard:RGAGX                          0.675 RGAGX {222.15 USD, 2019-08-05}
  Assets:US:Vanguard:Cash                         -149.95 USD                            

2020-01-03 * "Employer match for contribution"
  Assets:US:Vanguard:Cash                          600.00 USD
  Income:US:Hoogle:Match401k                      -600.00 USD

2020-01-06 * "Investing 40% of cash in VBMPX"
  Assets:US:Vanguard:VBMPX                          2.556 VBMPX {187.77 USD, 2020-01-06}
  Assets:US:Vanguard:Cash                         -479.94 USD                            

2020-01-06 * "Investing 60% of cash in RGAGX"
  Assets:US:Vanguard:RGAGX                          2.996 RGAGX {240.33 USD, 2020-01-06}
  Assets:US:Vanguard:Cash                         -720.03 USD                            

2020-01-06 * "Investing 40% of cash in VBMPX"
  Assets:US:Vanguard:VBMPX                          1.278 VBMPX {187.77 USD, 2020-01-06}
  Assets:US:Vanguard:Cash                         -239.97 USD                            

2020-01-06 * "Investing 60% of cash in RGAGX"
  Assets:US:Vanguard:RGAGX                          1.498 RGAGX {240.33 USD, 2020-01-06}
  Assets:US:Vanguard:Cash                         -360.01 USD                            

2020-01-17 * "Employer match for contribution"
  Assets:US:Vanguard:Cash                          600.00 USD
  Income:US:Hoogle:Match401k                      -600.00 USD

2020-01-20 * "Investing 40% of cash in VBMPX"
  Assets:US:Vanguard:VBMPX                          2.568 VBMPX {186.93 USD, 2020-01-20}
  Assets:US:Vanguard:Cash                         -480.04 USD                            

2020-01-20 * "Investing 60% of cash in RGAGX"
  Assets:US:Vanguard:RGAGX                          2.996 RGAGX {240.29 USD, 2020-01-20}
  Assets:US:Vanguard:Cash                         -719.91 USD                            

2020-01-20 * "Investing 40% of cash in VBMPX"
  Assets:US:Vanguard:VBMPX                          1.284 VBMPX {186.93 USD, 2020-01-20}
  Assets:US:Vanguard:Cash                         -240.02 USD                            

2020-01-20 * "Investing 60% of cash in RGAGX"
  Assets:US:Vanguard:RGAGX                          1.498 RGAGX {240.29 USD, 2020-01-20}
  Assets:US:Vanguard:Cash                         -359.95 USD                            

2020-01-31 * "Employer match for contribution"
  Assets:US:Vanguard:Cash                          600.00 USD
  Income:US:Hoogle:Match401k                      -600.00 USD

2020-02-03 * "Investing 40% of cash in VBMPX"
  Assets:US:Vanguard:VBMPX                          2.568 VBMPX {186.95 USD, 2020-02-03}
  Assets:US:Vanguard:Cash                         -480.09 USD                            

2020-02-03 * "Investing 60% of cash in RGAGX"
  Assets:US:Vanguard:RGAGX                          3.014 RGAGX {238.91 USD, 2020-02-03}
  Assets:US:Vanguard:Cash                         -720.07 USD                            

2020-02-03 * "Investing 40% of cash in VBMPX"
  Assets:US:Vanguard:VBMPX                          1.283 VBMPX {186.95 USD, 2020-02-03}
  Assets:US:Vanguard:Cash                         -239.86 USD                            

2020-02-03 * "Investing 60% of cash in RGAGX"
  Assets:US:Vanguard:RGAGX                          1.507 RGAGX {238.91 USD, 2020-02-03}
  Assets:US:Vanguard:Cash                         -360.04 USD                            

2020-02-14 * "Employer match for contribution"
  Assets:US:Vanguard:Cash                          600.00 USD
  Income:US:Hoogle:Match401k                      -600.00 USD

2020-02-17 * "Investing 40% of cash in VBMPX"
  Assets:US:Vanguard:VBMPX                          2.525 VBMPX {190.12 USD, 2020-02-17}
  Assets:US:Vanguard:Cash                         -480.05 USD                            

2020-02-17 * "Investing 60% of cash in RGAGX"
  Assets:US:Vanguard:RGAGX                          3.031 RGAGX {237.52 USD, 2020-02-17}
  Assets:US:Vanguard:Cash                         -719.92 USD                            

2020-02-17 * "Investing 40% of cash in VBMPX"
  Assets:US:Vanguard:VBMPX                          1.262 VBMPX {190.12 USD, 2020-02-17}
  Assets:US:Vanguard:Cash                         -239.93 USD                            

2020-02-17 * "Investing 60% of cash in RGAGX"
  Assets:US:Vanguard:RGAGX                          1.516 RGAGX {237.52 USD, 2020-02-17}
  Assets:US:Vanguard:Cash                         -360.08 USD                            

2020-02-28 * "Employer match for contribution"
  Assets:US:Vanguard:Cash                          600.00 USD
  Income:US:Hoogle:Match401k                      -600.00 USD

2020-03-02 * "Investing 40% of cash in VBMPX"
  Assets:US:Vanguard:VBMPX                          2.474 VBMPX {194.01 USD, 2020-03-02}
  Assets:US:Vanguard:Cash                         -479.98 USD                            

2020-03-02 * "Investing 60% of cash in RGAGX"
  Assets:US:Vanguard:RGAGX                          3.011 RGAGX {239.15 USD, 2020-03-02}
  Assets:US:Vanguard:Cash                         -720.08 USD                            

2020-03-02 * "Investing 40% of cash in VBMPX"
  Assets:US:Vanguard:VBMPX                          1.237 VBMPX {194.01 USD, 2020-03-02}
  Assets:US:Vanguard:Cash                         -239.99 USD                            

2020-03-02 * "Investing 60% of cash in RGAGX"
  Assets:US:Vanguard:RGAGX                          1.505 RGAGX {239.15 USD, 2020-03-02}
  Assets:US:Vanguard:Cash                         -359.92 USD                            

2020-03-13 * "Employer match for contribution"
  Assets:US:Vanguard:Cash                          600.00 USD
  Income:US:Hoogle:Match401k                      -600.00 USD

2020-03-16 * "Investing 40% of cash in VBMPX"
  Assets:US:Vanguard:VBMPX                          2.473 VBMPX {194.10 USD, 2020-03-16}
  Assets:US:Vanguard:Cash                         -480.01 USD                            

2020-03-16 * "Investing 60% of cash in RGAGX"
  Assets:US:Vanguard:RGAGX                          2.971 RGAGX {242.37 USD, 2020-03-16}
  Assets:US:Vanguard:Cash                         -720.08 USD                            

2020-03-16 * "Investing 40% of cash in VBMPX"
  Assets:US:Vanguard:VBMPX                          1.236 VBMPX {194.10 USD, 2020-03-16}
  Assets:US:Vanguard:Cash                         -239.91 USD                            

2020-03-16 * "Investing 60% of cash in RGAGX"
  Assets:US:Vanguard:RGAGX                          1.485 RGAGX {242.37 USD, 2020-03-16}
  Assets:US:Vanguard:Cash                         -359.92 USD                            

2020-03-27 * "Employer match for contribution"
  Assets:US:Vanguard:Cash                          600.00 USD
  Income:US:Hoogle:Match401k                      -600.00 USD

2020-03-30 * "Investing 40% of cash in VBMPX"
  Assets:US:Vanguard:VBMPX                          2.470 VBMPX {194.32 USD, 2020-03-30}
  Assets:US:Vanguard:Cash                         -479.97 USD                            

2020-03-30 * "Investing 60% of cash in RGAGX"
  Assets:US:Vanguard:RGAGX                          2.994 RGAGX {240.51 USD, 2020-03-30}
  Assets:US:Vanguard:Cash                         -720.09 USD                            

2020-03-30 * "Investing 40% of cash in VBMPX"
  Assets:US:Vanguard:VBMPX                          1.235 VBMPX {194.32 USD, 2020-03-30}
  Assets:US:Vanguard:Cash                         -239.99 USD                            

2020-03-30 * "Investing 60% of cash in RGAGX"
  Assets:US:Vanguard:RGAGX                          1.497 RGAGX {240.51 USD, 2020-03-30}
  Assets:US:Vanguard:Cash                         -360.04 USD                            

2020-04-10 * "Employer match for contribution"
  Assets:US:Vanguard:Cash                          600.00 USD
  Income:US:Hoogle:Match401k                      -600.00 USD

2020-04-13 * "Investing 40% of cash in VBMPX"
  Assets:US:Vanguard:VBMPX                          2.466 VBMPX {194.65 USD, 2020-04-13}
  Assets:US:Vanguard:Cash                         -480.01 USD                            

2020-04-13 * "Investing 60% of cash in RGAGX"
  Assets:US:Vanguard:RGAGX                          2.995 RGAGX {240.43 USD, 2020-04-13}
  Assets:US:Vanguard:Cash                         -720.09 USD                            

2020-04-13 * "Investing 40% of cash in VBMPX"
  Assets:US:Vanguard:VBMPX                          1.233 VBMPX {194.65 USD, 2020-04-13}
  Assets:US:Vanguard:Cash                         -240.00 USD                            

2020-04-13 * "Investing 60% of cash in RGAGX"
  Assets:US:Vanguard:RGAGX                          1.497 RGAGX {240.43 USD, 2020-04-13}
  Assets:US:Vanguard:Cash                         -359.92 USD                            

2020-04-24 * "Employer match for contribution"
  Assets:US:Vanguard:Cash                          600.00 USD
  Income:US:Hoogle:Match401k                      -600.00 USD

2020-04-27 * "Investing 40% of cash in VBMPX"
  Assets:US:Vanguard:VBMPX                          2.422 VBMPX {198.20 USD, 2020-04-27}
  Assets:US:Vanguard:Cash                         -480.04 USD                            

2020-04-27 * "Investing 60% of cash in RGAGX"
  Assets:US:Vanguard:RGAGX                          2.988 RGAGX {240.99 USD, 2020-04-27}
  Assets:US:Vanguard:Cash                         -720.08 USD                            

2020-04-27 * "Investing 40% of cash in VBMPX"
  Assets:US:Vanguard:VBMPX                          1.211 VBMPX {198.20 USD, 2020-04-27}
  Assets:US:Vanguard:Cash                         -240.02 USD                            

2020-04-27 * "Investing 60% of cash in RGAGX"
  Assets:US:Vanguard:RGAGX                          1.494 RGAGX {240.99 USD, 2020-04-27}
  Assets:US:Vanguard:Cash                         -360.04 USD                            

2020-05-08 * "Employer match for contribution"
  Assets:US:Vanguard:Cash                          600.00 USD
  Income:US:Hoogle:Match401k                      -600.00 USD

2020-05-11 * "Investing 40% of cash in VBMPX"
  Assets:US:Vanguard:VBMPX                          2.414 VBMPX {198.81 USD, 2020-05-11}
  Assets:US:Vanguard:Cash                         -479.93 USD                            

2020-05-11 * "Investing 60% of cash in RGAGX"
  Assets:US:Vanguard:RGAGX                          2.996 RGAGX {240.31 USD, 2020-05-11}
  Assets:US:Vanguard:Cash                         -719.97 USD                            

2020-05-11 * "Investing 40% of cash in VBMPX"
  Assets:US:Vanguard:VBMPX                          1.207 VBMPX {198.81 USD, 2020-05-11}
  Assets:US:Vanguard:Cash                         -239.96 USD                            

2020-05-11 * "Investing 60% of cash in RGAGX"
  Assets:US:Vanguard:RGAGX                          1.498 RGAGX {240.31 USD, 2020-05-11}
  Assets:US:Vanguard:Cash                         -359.98 USD                            

2020-05-22 * "Employer match for contribution"
  Assets:US:Vanguard:Cash                          600.00 USD
  Income:US:Hoogle:Match401k                      -600.00 USD

2020-05-25 * "Investing 40% of cash in VBMPX"
  Assets:US:Vanguard:VBMPX                          2.414 VBMPX {198.86 USD, 2020-05-25}
  Assets:US:Vanguard:Cash                         -480.05 USD                            

2020-05-25 * "Investing 60% of cash in RGAGX"
  Assets:US:Vanguard:RGAGX                          2.988 RGAGX {240.99 USD, 2020-05-25}
  Assets:US:Vanguard:Cash                         -720.08 USD                            

2020-05-25 * "Investing 40% of cash in VBMPX"
  Assets:US:Vanguard:VBMPX                          1.207 VBMPX {198.86 USD, 2020-05-25}
  Assets:US:Vanguard:Cash                         -240.02 USD                            

2020-05-25 * "Investing 60% of cash in RGAGX"
  Assets:US:Vanguard:RGAGX                          1.493 RGAGX {240.99 USD, 2020-05-25}
  Assets:US:Vanguard:Cash                         -359.80 USD                            

2020-06-05 * "Employer match for contribution"
  Assets:US:Vanguard:Cash                          600.00 USD
  Income:US:Hoogle:Match401k                      -600.00 USD

2020-06-08 * "Investing 40% of cash in VBMPX"
  Assets:US:Vanguard:VBMPX                          2.400 VBMPX {199.97 USD, 2020-06-08}
  Assets:US:Vanguard:Cash                         -479.93 USD                            

2020-06-08 * "Investing 60% of cash in RGAGX"
  Assets:US:Vanguard:RGAGX                          3.017 RGAGX {238.67 USD, 2020-06-08}
  Assets:US:Vanguard:Cash                         -720.07 USD                            

2020-06-08 * "Investing 40% of cash in VBMPX"
  Assets:US:Vanguard:VBMPX                          1.200 VBMPX {199.97 USD, 2020-06-08}
  Assets:US:Vanguard:Cash                         -239.96 USD                            

2020-06-08 * "Investing 60% of cash in RGAGX"
  Assets:US:Vanguard:RGAGX                          1.508 RGAGX {238.67 USD, 2020-06-08}
  Assets:US:Vanguard:Cash                         -359.91 USD                            

2020-06-19 * "Employer match for contribution"
  Assets:US:Vanguard:Cash                          600.00 USD
  Income:US:Hoogle:Match401k                      -600.00 USD

2020-06-22 * "Investing 40% of cash in VBMPX"
  Assets:US:Vanguard:VBMPX                          2.381 VBMPX {201.62 USD, 2020-06-22}
  Assets:US:Vanguard:Cash                         -480.06 USD                            

2020-06-22 * "Investing 60% of cash in RGAGX"
  Assets:US:Vanguard:RGAGX                          3.029 RGAGX {237.70 USD, 2020-06-22}
  Assets:US:Vanguard:Cash                         -719.99 USD                            

2020-06-22 * "Investing 40% of cash in VBMPX"
  Assets:US:Vanguard:VBMPX                          1.191 VBMPX {201.62 USD, 2020-06-22}
  Assets:US:Vanguard:Cash                         -240.13 USD                            

2020-06-22 * "Investing 60% of cash in RGAGX"
  Assets:US:Vanguard:RGAGX                          1.515 RGAGX {237.70 USD, 2020-06-22}
  Assets:US:Vanguard:Cash                         -360.12 USD                            

2020-07-03 * "Employer match for contribution"
  Assets:US:Vanguard:Cash                          600.00 USD
  Income:US:Hoogle:Match401k                      -600.00 USD

2020-07-06 * "Investing 40% of cash in VBMPX"
  Assets:US:Vanguard:VBMPX                          2.380 VBMPX {201.67 USD, 2020-07-06}
  Assets:US:Vanguard:Cash                         -479.97 USD                            

2020-07-06 * "Investing 60% of cash in RGAGX"
  Assets:US:Vanguard:RGAGX                          3.009 RGAGX {239.24 USD, 2020-07-06}
  Assets:US:Vanguard:Cash                         -719.87 USD                            

2020-07-06 * "Investing 40% of cash in VBMPX"
  Assets:US:Vanguard:VBMPX                          1.190 VBMPX {201.67 USD, 2020-07-06}
  Assets:US:Vanguard:Cash                         -239.99 USD                            

2020-07-06 * "Investing 60% of cash in RGAGX"
  Assets:US:Vanguard:RGAGX                          1.505 RGAGX {239.24 USD, 2020-07-06}
  Assets:US:Vanguard:Cash                         -360.06 USD                            

2020-07-17 * "Employer match for contribution"
  Assets:US:Vanguard:Cash                          600.00 USD
  Income:US:Hoogle:Match401k                      -600.00 USD

2020-07-20 * "Investing 40% of cash in VBMPX"
  Assets:US:Vanguard:VBMPX                          2.444 VBMPX {196.42 USD, 2020-07-20}
  Assets:US:Vanguard:Cash                         -480.05 USD                            

2020-07-20 * "Investing 60% of cash in RGAGX"
  Assets:US:Vanguard:RGAGX                          3.037 RGAGX {237.03 USD, 2020-07-20}
  Assets:US:Vanguard:Cash                         -719.86 USD                            

2020-07-20 * "Investing 40% of cash in VBMPX"
  Assets:US:Vanguard:VBMPX                          1.222 VBMPX {196.42 USD, 2020-07-20}
  Assets:US:Vanguard:Cash                         -240.03 USD                            

2020-07-20 * "Investing 60% of cash in RGAGX"
  Assets:US:Vanguard:RGAGX                          1.519 RGAGX {237.03 USD, 2020-07-20}
  Assets:US:Vanguard:Cash                         -360.05 USD                            

2020-07-31 * "Employer match for contribution"
  Assets:US:Vanguard:Cash                          250.00 USD
  Income:US:Hoogle:Match401k                      -250.00 USD

2020-08-03 * "Investing 40% of cash in VBMPX"
  Assets:US:Vanguard:VBMPX                          1.006 VBMPX {198.76 USD, 2020-08-03}
  Assets:US:Vanguard:Cash                         -199.95 USD                            

2020-08-03 * "Investing 60% of cash in RGAGX"
  Assets:US:Vanguard:RGAGX                          1.276 RGAGX {235.15 USD, 2020-08-03}
  Assets:US:Vanguard:Cash                         -300.05 USD                            

2020-08-03 * "Investing 40% of cash in VBMPX"
  Assets:US:Vanguard:VBMPX                          0.503 VBMPX {198.76 USD, 2020-08-03}
  Assets:US:Vanguard:Cash                          -99.98 USD                            

2020-08-03 * "Investing 60% of cash in RGAGX"
  Assets:US:Vanguard:RGAGX                          0.638 RGAGX {235.15 USD, 2020-08-03}
  Assets:US:Vanguard:Cash                         -150.03 USD                            



* Sources of Income

2018-01-01 open Income:US:Hoogle:Salary                      USD
2018-01-01 open Income:US:Hoogle:GroupTermLife               USD
2018-01-01 open Income:US:Hoogle:Vacation                    VACHR
2018-01-01 open Assets:US:Hoogle:Vacation                    VACHR
2018-01-01 open Expenses:Vacation                               VACHR
2018-01-01 open Expenses:Health:Life:GroupTermLife
2018-01-01 open Expenses:Health:Medical:Insurance
2018-01-01 open Expenses:Health:Dental:Insurance
2018-01-01 open Expenses:Health:Vision:Insurance

2018-01-01 event "employer" "Hoogle, 1600 Amphibious Parkway, River View, CA"

2018-01-04 * "Hoogle" "Payroll"
  Assets:US:BofA:Checking                         1350.60 USD   
  Assets:US:Vanguard:Cash                         1200.00 USD   
  Income:US:Hoogle:Salary                        -4615.38 USD   
  Income:US:Hoogle:GroupTermLife                   -24.32 USD   
  Expenses:Health:Life:GroupTermLife                24.32 USD   
  Expenses:Health:Dental:Insurance                   2.90 USD   
  Expenses:Health:Medical:Insurance                 27.38 USD   
  Expenses:Health:Vision:Insurance                  42.30 USD   
  Expenses:Taxes:Y2018:US:Medicare                 106.62 USD   
  Expenses:Taxes:Y2018:US:Federal                 1062.92 USD   
  Expenses:Taxes:Y2018:US:State                    365.08 USD   
  Expenses:Taxes:Y2018:US:CityNYC                  174.92 USD   
  Expenses:Taxes:Y2018:US:SDI                        1.12 USD   
  Expenses:Taxes:Y2018:US:SocSec                   281.54 USD   
  Assets:US:Federal:PreTax401k                   -1200.00 IRAUSD
  Expenses:Taxes:Y2018:US:Federal:PreTax401k      1200.00 IRAUSD
  Assets:US:Hoogle:Vacation                             5 VACHR 
  Income:US:Hoogle:Vacation                            -5 VACHR 

2018-01-18 * "Hoogle" "Payroll"
  Assets:US:BofA:Checking                         1350.60 USD   
  Assets:US:Vanguard:Cash                         1200.00 USD   
  Income:US:Hoogle:Salary                        -4615.38 USD   
  Income:US:Hoogle:GroupTermLife                   -24.32 USD   
  Expenses:Health:Life:GroupTermLife                24.32 USD   
  Expenses:Health:Dental:Insurance                   2.90 USD   
  Expenses:Health:Medical:Insurance                 27.38 USD   
  Expenses:Health:Vision:Insurance                  42.30 USD   
  Expenses:Taxes:Y2018:US:Medicare                 106.62 USD   
  Expenses:Taxes:Y2018:US:Federal                 1062.92 USD   
  Expenses:Taxes:Y2018:US:State                    365.08 USD   
  Expenses:Taxes:Y2018:US:CityNYC                  174.92 USD   
  Expenses:Taxes:Y2018:US:SDI                        1.12 USD   
  Expenses:Taxes:Y2018:US:SocSec                   281.54 USD   
  Assets:US:Federal:PreTax401k                   -1200.00 IRAUSD
  Expenses:Taxes:Y2018:US:Federal:PreTax401k      1200.00 IRAUSD
  Assets:US:Hoogle:Vacation                             5 VACHR 
  Income:US:Hoogle:Vacation                            -5 VACHR 

2018-02-01 * "Hoogle" "Payroll"
  Assets:US:BofA:Checking                         1350.60 USD   
  Assets:US:Vanguard:Cash                         1200.00 USD   
  Income:US:Hoogle:Salary                        -4615.38 USD   
  Income:US:Hoogle:GroupTermLife                   -24.32 USD   
  Expenses:Health:Life:GroupTermLife                24.32 USD   
  Expenses:Health:Dental:Insurance                   2.90 USD   
  Expenses:Health:Medical:Insurance                 27.38 USD   
  Expenses:Health:Vision:Insurance                  42.30 USD   
  Expenses:Taxes:Y2018:US:Medicare                 106.62 USD   
  Expenses:Taxes:Y2018:US:Federal                 1062.92 USD   
  Expenses:Taxes:Y2018:US:State                    365.08 USD   
  Expenses:Taxes:Y2018:US:CityNYC                  174.92 USD   
  Expenses:Taxes:Y2018:US:SDI                        1.12 USD   
  Expenses:Taxes:Y2018:US:SocSec                   281.54 USD   
  Assets:US:Federal:PreTax401k                   -1200.00 IRAUSD
  Expenses:Taxes:Y2018:US:Federal:PreTax401k      1200.00 IRAUSD
  Assets:US:Hoogle:Vacation                             5 VACHR 
  Income:US:Hoogle:Vacation                            -5 VACHR 

2018-02-15 * "Hoogle" "Payroll"
  Assets:US:BofA:Checking                         1350.60 USD   
  Assets:US:Vanguard:Cash                         1200.00 USD   
  Income:US:Hoogle:Salary                        -4615.38 USD   
  Income:US:Hoogle:GroupTermLife                   -24.32 USD   
  Expenses:Health:Life:GroupTermLife                24.32 USD   
  Expenses:Health:Dental:Insurance                   2.90 USD   
  Expenses:Health:Medical:Insurance                 27.38 USD   
  Expenses:Health:Vision:Insurance                  42.30 USD   
  Expenses:Taxes:Y2018:US:Medicare                 106.62 USD   
  Expenses:Taxes:Y2018:US:Federal                 1062.92 USD   
  Expenses:Taxes:Y2018:US:State                    365.08 USD   
  Expenses:Taxes:Y2018:US:CityNYC                  174.92 USD   
  Expenses:Taxes:Y2018:US:SDI                        1.12 USD   
  Expenses:Taxes:Y2018:US:SocSec                   281.54 USD   
  Assets:US:Federal:PreTax401k                   -1200.00 IRAUSD
  Expenses:Taxes:Y2018:US:Federal:PreTax401k      1200.00 IRAUSD
  Assets:US:Hoogle:Vacation                             5 VACHR 
  Income:US:Hoogle:Vacation                            -5 VACHR 

2018-03-01 * "Hoogle" "Payroll"
  Assets:US:BofA:Checking                         1350.60 USD   
  Assets:US:Vanguard:Cash                         1200.00 USD   
  Income:US:Hoogle:Salary                        -4615.38 USD   
  Income:US:Hoogle:GroupTermLife                   -24.32 USD   
  Expenses:Health:Life:GroupTermLife                24.32 USD   
  Expenses:Health:Dental:Insurance                   2.90 USD   
  Expenses:Health:Medical:Insurance                 27.38 USD   
  Expenses:Health:Vision:Insurance                  42.30 USD   
  Expenses:Taxes:Y2018:US:Medicare                 106.62 USD   
  Expenses:Taxes:Y2018:US:Federal                 1062.92 USD   
  Expenses:Taxes:Y2018:US:State                    365.08 USD   
  Expenses:Taxes:Y2018:US:CityNYC                  174.92 USD   
  Expenses:Taxes:Y2018:US:SDI                        1.12 USD   
  Expenses:Taxes:Y2018:US:SocSec                   281.54 USD   
  Assets:US:Federal:PreTax401k                   -1200.00 IRAUSD
  Expenses:Taxes:Y2018:US:Federal:PreTax401k      1200.00 IRAUSD
  Assets:US:Hoogle:Vacation                             5 VACHR 
  Income:US:Hoogle:Vacation                            -5 VACHR 

2018-03-15 * "Hoogle" "Payroll"
  Assets:US:BofA:Checking                         1350.60 USD   
  Assets:US:Vanguard:Cash                         1200.00 USD   
  Income:US:Hoogle:Salary                        -4615.38 USD   
  Income:US:Hoogle:GroupTermLife                   -24.32 USD   
  Expenses:Health:Life:GroupTermLife                24.32 USD   
  Expenses:Health:Dental:Insurance                   2.90 USD   
  Expenses:Health:Medical:Insurance                 27.38 USD   
  Expenses:Health:Vision:Insurance                  42.30 USD   
  Expenses:Taxes:Y2018:US:Medicare                 106.62 USD   
  Expenses:Taxes:Y2018:US:Federal                 1062.92 USD   
  Expenses:Taxes:Y2018:US:State                    365.08 USD   
  Expenses:Taxes:Y2018:US:CityNYC                  174.92 USD   
  Expenses:Taxes:Y2018:US:SDI                        1.12 USD   
  Expenses:Taxes:Y2018:US:SocSec                   281.54 USD   
  Assets:US:Federal:PreTax401k                   -1200.00 IRAUSD
  Expenses:Taxes:Y2018:US:Federal:PreTax401k      1200.00 IRAUSD
  Assets:US:Hoogle:Vacation                             5 VACHR 
  Income:US:Hoogle:Vacation                            -5 VACHR 

2018-03-29 * "Hoogle" "Payroll"
  Assets:US:BofA:Checking                         1350.60 USD   
  Assets:US:Vanguard:Cash                         1200.00 USD   
  Income:US:Hoogle:Salary                        -4615.38 USD   
  Income:US:Hoogle:GroupTermLife                   -24.32 USD   
  Expenses:Health:Life:GroupTermLife                24.32 USD   
  Expenses:Health:Dental:Insurance                   2.90 USD   
  Expenses:Health:Medical:Insurance                 27.38 USD   
  Expenses:Health:Vision:Insurance                  42.30 USD   
  Expenses:Taxes:Y2018:US:Medicare                 106.62 USD   
  Expenses:Taxes:Y2018:US:Federal                 1062.92 USD   
  Expenses:Taxes:Y2018:US:State                    365.08 USD   
  Expenses:Taxes:Y2018:US:CityNYC                  174.92 USD   
  Expenses:Taxes:Y2018:US:SDI                        1.12 USD   
  Expenses:Taxes:Y2018:US:SocSec                   281.54 USD   
  Assets:US:Federal:PreTax401k                   -1200.00 IRAUSD
  Expenses:Taxes:Y2018:US:Federal:PreTax401k      1200.00 IRAUSD
  Assets:US:Hoogle:Vacation                             5 VACHR 
  Income:US:Hoogle:Vacation                            -5 VACHR 

2018-04-12 * "Hoogle" "Payroll"
  Assets:US:BofA:Checking                         1350.60 USD   
  Assets:US:Vanguard:Cash                         1200.00 USD   
  Income:US:Hoogle:Salary                        -4615.38 USD   
  Income:US:Hoogle:GroupTermLife                   -24.32 USD   
  Expenses:Health:Life:GroupTermLife                24.32 USD   
  Expenses:Health:Dental:Insurance                   2.90 USD   
  Expenses:Health:Medical:Insurance                 27.38 USD   
  Expenses:Health:Vision:Insurance                  42.30 USD   
  Expenses:Taxes:Y2018:US:Medicare                 106.62 USD   
  Expenses:Taxes:Y2018:US:Federal                 1062.92 USD   
  Expenses:Taxes:Y2018:US:State                    365.08 USD   
  Expenses:Taxes:Y2018:US:CityNYC                  174.92 USD   
  Expenses:Taxes:Y2018:US:SDI                        1.12 USD   
  Expenses:Taxes:Y2018:US:SocSec                   281.54 USD   
  Assets:US:Federal:PreTax401k                   -1200.00 IRAUSD
  Expenses:Taxes:Y2018:US:Federal:PreTax401k      1200.00 IRAUSD
  Assets:US:Hoogle:Vacation                             5 VACHR 
  Income:US:Hoogle:Vacation                            -5 VACHR 

2018-04-26 * "Hoogle" "Payroll"
  Assets:US:BofA:Checking                         1350.60 USD   
  Assets:US:Vanguard:Cash                         1200.00 USD   
  Income:US:Hoogle:Salary                        -4615.38 USD   
  Income:US:Hoogle:GroupTermLife                   -24.32 USD   
  Expenses:Health:Life:GroupTermLife                24.32 USD   
  Expenses:Health:Dental:Insurance                   2.90 USD   
  Expenses:Health:Medical:Insurance                 27.38 USD   
  Expenses:Health:Vision:Insurance                  42.30 USD   
  Expenses:Taxes:Y2018:US:Medicare                 106.62 USD   
  Expenses:Taxes:Y2018:US:Federal                 1062.92 USD   
  Expenses:Taxes:Y2018:US:State                    365.08 USD   
  Expenses:Taxes:Y2018:US:CityNYC                  174.92 USD   
  Expenses:Taxes:Y2018:US:SDI                        1.12 USD   
  Expenses:Taxes:Y2018:US:SocSec                   281.54 USD   
  Assets:US:Federal:PreTax401k                   -1200.00 IRAUSD
  Expenses:Taxes:Y2018:US:Federal:PreTax401k      1200.00 IRAUSD
  Assets:US:Hoogle:Vacation                             5 VACHR 
  Income:US:Hoogle:Vacation                            -5 VACHR 

2018-05-10 * "Hoogle" "Payroll"
  Assets:US:BofA:Checking                         1350.60 USD   
  Assets:US:Vanguard:Cash                         1200.00 USD   
  Income:US:Hoogle:Salary                        -4615.38 USD   
  Income:US:Hoogle:GroupTermLife                   -24.32 USD   
  Expenses:Health:Life:GroupTermLife                24.32 USD   
  Expenses:Health:Dental:Insurance                   2.90 USD   
  Expenses:Health:Medical:Insurance                 27.38 USD   
  Expenses:Health:Vision:Insurance                  42.30 USD   
  Expenses:Taxes:Y2018:US:Medicare                 106.62 USD   
  Expenses:Taxes:Y2018:US:Federal                 1062.92 USD   
  Expenses:Taxes:Y2018:US:State                    365.08 USD   
  Expenses:Taxes:Y2018:US:CityNYC                  174.92 USD   
  Expenses:Taxes:Y2018:US:SDI                        1.12 USD   
  Expenses:Taxes:Y2018:US:SocSec                   281.54 USD   
  Assets:US:Federal:PreTax401k                   -1200.00 IRAUSD
  Expenses:Taxes:Y2018:US:Federal:PreTax401k      1200.00 IRAUSD
  Assets:US:Hoogle:Vacation                             5 VACHR 
  Income:US:Hoogle:Vacation                            -5 VACHR 

2018-05-24 * "Hoogle" "Payroll"
  Assets:US:BofA:Checking                         1350.60 USD   
  Assets:US:Vanguard:Cash                         1200.00 USD   
  Income:US:Hoogle:Salary                        -4615.38 USD   
  Income:US:Hoogle:GroupTermLife                   -24.32 USD   
  Expenses:Health:Life:GroupTermLife                24.32 USD   
  Expenses:Health:Dental:Insurance                   2.90 USD   
  Expenses:Health:Medical:Insurance                 27.38 USD   
  Expenses:Health:Vision:Insurance                  42.30 USD   
  Expenses:Taxes:Y2018:US:Medicare                 106.62 USD   
  Expenses:Taxes:Y2018:US:Federal                 1062.92 USD   
  Expenses:Taxes:Y2018:US:State                    365.08 USD   
  Expenses:Taxes:Y2018:US:CityNYC                  174.92 USD   
  Expenses:Taxes:Y2018:US:SDI                        1.12 USD   
  Expenses:Taxes:Y2018:US:SocSec                   281.54 USD   
  Assets:US:Federal:PreTax401k                   -1200.00 IRAUSD
  Expenses:Taxes:Y2018:US:Federal:PreTax401k      1200.00 IRAUSD
  Assets:US:Hoogle:Vacation                             5 VACHR 
  Income:US:Hoogle:Vacation                            -5 VACHR 

2018-06-07 * "Hoogle" "Payroll"
  Assets:US:BofA:Checking                         1350.60 USD   
  Assets:US:Vanguard:Cash                         1200.00 USD   
  Income:US:Hoogle:Salary                        -4615.38 USD   
  Income:US:Hoogle:GroupTermLife                   -24.32 USD   
  Expenses:Health:Life:GroupTermLife                24.32 USD   
  Expenses:Health:Dental:Insurance                   2.90 USD   
  Expenses:Health:Medical:Insurance                 27.38 USD   
  Expenses:Health:Vision:Insurance                  42.30 USD   
  Expenses:Taxes:Y2018:US:Medicare                 106.62 USD   
  Expenses:Taxes:Y2018:US:Federal                 1062.92 USD   
  Expenses:Taxes:Y2018:US:State                    365.08 USD   
  Expenses:Taxes:Y2018:US:CityNYC                  174.92 USD   
  Expenses:Taxes:Y2018:US:SDI                        1.12 USD   
  Expenses:Taxes:Y2018:US:SocSec                   281.54 USD   
  Assets:US:Federal:PreTax401k                   -1200.00 IRAUSD
  Expenses:Taxes:Y2018:US:Federal:PreTax401k      1200.00 IRAUSD
  Assets:US:Hoogle:Vacation                             5 VACHR 
  Income:US:Hoogle:Vacation                            -5 VACHR 

2018-06-21 * "Hoogle" "Payroll"
  Assets:US:BofA:Checking                         1350.60 USD   
  Assets:US:Vanguard:Cash                         1200.00 USD   
  Income:US:Hoogle:Salary                        -4615.38 USD   
  Income:US:Hoogle:GroupTermLife                   -24.32 USD   
  Expenses:Health:Life:GroupTermLife                24.32 USD   
  Expenses:Health:Dental:Insurance                   2.90 USD   
  Expenses:Health:Medical:Insurance                 27.38 USD   
  Expenses:Health:Vision:Insurance                  42.30 USD   
  Expenses:Taxes:Y2018:US:Medicare                 106.62 USD   
  Expenses:Taxes:Y2018:US:Federal                 1062.92 USD   
  Expenses:Taxes:Y2018:US:State                    365.08 USD   
  Expenses:Taxes:Y2018:US:CityNYC                  174.92 USD   
  Expenses:Taxes:Y2018:US:SDI                        1.12 USD   
  Expenses:Taxes:Y2018:US:SocSec                   281.54 USD   
  Assets:US:Federal:PreTax401k                   -1200.00 IRAUSD
  Expenses:Taxes:Y2018:US:Federal:PreTax401k      1200.00 IRAUSD
  Assets:US:Hoogle:Vacation                             5 VACHR 
  Income:US:Hoogle:Vacation                            -5 VACHR 

2018-07-05 * "Hoogle" "Payroll"
  Assets:US:BofA:Checking                         1350.60 USD   
  Assets:US:Vanguard:Cash                         1200.00 USD   
  Income:US:Hoogle:Salary                        -4615.38 USD   
  Income:US:Hoogle:GroupTermLife                   -24.32 USD   
  Expenses:Health:Life:GroupTermLife                24.32 USD   
  Expenses:Health:Dental:Insurance                   2.90 USD   
  Expenses:Health:Medical:Insurance                 27.38 USD   
  Expenses:Health:Vision:Insurance                  42.30 USD   
  Expenses:Taxes:Y2018:US:Medicare                 106.62 USD   
  Expenses:Taxes:Y2018:US:Federal                 1062.92 USD   
  Expenses:Taxes:Y2018:US:State                    365.08 USD   
  Expenses:Taxes:Y2018:US:CityNYC                  174.92 USD   
  Expenses:Taxes:Y2018:US:SDI                        1.12 USD   
  Expenses:Taxes:Y2018:US:SocSec                   281.54 USD   
  Assets:US:Federal:PreTax401k                   -1200.00 IRAUSD
  Expenses:Taxes:Y2018:US:Federal:PreTax401k      1200.00 IRAUSD
  Assets:US:Hoogle:Vacation                             5 VACHR 
  Income:US:Hoogle:Vacation                            -5 VACHR 

2018-07-19 * "Hoogle" "Payroll"
  Assets:US:BofA:Checking                         1350.60 USD   
  Assets:US:Vanguard:Cash                         1200.00 USD   
  Income:US:Hoogle:Salary                        -4615.38 USD   
  Income:US:Hoogle:GroupTermLife                   -24.32 USD   
  Expenses:Health:Life:GroupTermLife                24.32 USD   
  Expenses:Health:Dental:Insurance                   2.90 USD   
  Expenses:Health:Medical:Insurance                 27.38 USD   
  Expenses:Health:Vision:Insurance                  42.30 USD   
  Expenses:Taxes:Y2018:US:Medicare                 106.62 USD   
  Expenses:Taxes:Y2018:US:Federal                 1062.92 USD   
  Expenses:Taxes:Y2018:US:State                    365.08 USD   
  Expenses:Taxes:Y2018:US:CityNYC                  174.92 USD   
  Expenses:Taxes:Y2018:US:SDI                        1.12 USD   
  Expenses:Taxes:Y2018:US:SocSec                   281.54 USD   
  Assets:US:Federal:PreTax401k                   -1200.00 IRAUSD
  Expenses:Taxes:Y2018:US:Federal:PreTax401k      1200.00 IRAUSD
  Assets:US:Hoogle:Vacation                             5 VACHR 
  Income:US:Hoogle:Vacation                            -5 VACHR 

2018-08-02 * "Hoogle" "Payroll"
  Assets:US:BofA:Checking                         2050.60 USD   
  Assets:US:Vanguard:Cash                          500.00 USD   
  Income:US:Hoogle:Salary                        -4615.38 USD   
  Income:US:Hoogle:GroupTermLife                   -24.32 USD   
  Expenses:Health:Life:GroupTermLife                24.32 USD   
  Expenses:Health:Dental:Insurance                   2.90 USD   
  Expenses:Health:Medical:Insurance                 27.38 USD   
  Expenses:Health:Vision:Insurance                  42.30 USD   
  Expenses:Taxes:Y2018:US:Medicare                 106.62 USD   
  Expenses:Taxes:Y2018:US:Federal                 1062.92 USD   
  Expenses:Taxes:Y2018:US:State                    365.08 USD   
  Expenses:Taxes:Y2018:US:CityNYC                  174.92 USD   
  Expenses:Taxes:Y2018:US:SDI                        1.12 USD   
  Expenses:Taxes:Y2018:US:SocSec                   281.54 USD   
  Assets:US:Federal:PreTax401k                    -500.00 IRAUSD
  Expenses:Taxes:Y2018:US:Federal:PreTax401k       500.00 IRAUSD
  Assets:US:Hoogle:Vacation                             5 VACHR 
  Income:US:Hoogle:Vacation                            -5 VACHR 

2018-08-16 * "Hoogle" "Payroll"
  Assets:US:BofA:Checking                         2550.60 USD   
  Income:US:Hoogle:Salary                        -4615.38 USD   
  Income:US:Hoogle:GroupTermLife                   -24.32 USD   
  Expenses:Health:Life:GroupTermLife                24.32 USD   
  Expenses:Health:Dental:Insurance                   2.90 USD   
  Expenses:Health:Medical:Insurance                 27.38 USD   
  Expenses:Health:Vision:Insurance                  42.30 USD   
  Expenses:Taxes:Y2018:US:Medicare                 106.62 USD   
  Expenses:Taxes:Y2018:US:Federal                 1062.92 USD   
  Expenses:Taxes:Y2018:US:State                    365.08 USD   
  Expenses:Taxes:Y2018:US:CityNYC                  174.92 USD   
  Expenses:Taxes:Y2018:US:SDI                        1.12 USD   
  Expenses:Taxes:Y2018:US:SocSec                   281.54 USD   
  Assets:US:Federal:PreTax401k                       0.00 IRAUSD
  Assets:US:Hoogle:Vacation                             5 VACHR 
  Income:US:Hoogle:Vacation                            -5 VACHR 

2018-08-30 * "Hoogle" "Payroll"
  Assets:US:BofA:Checking                         2550.60 USD   
  Income:US:Hoogle:Salary                        -4615.38 USD   
  Income:US:Hoogle:GroupTermLife                   -24.32 USD   
  Expenses:Health:Life:GroupTermLife                24.32 USD   
  Expenses:Health:Dental:Insurance                   2.90 USD   
  Expenses:Health:Medical:Insurance                 27.38 USD   
  Expenses:Health:Vision:Insurance                  42.30 USD   
  Expenses:Taxes:Y2018:US:Medicare                 106.62 USD   
  Expenses:Taxes:Y2018:US:Federal                 1062.92 USD   
  Expenses:Taxes:Y2018:US:State                    365.08 USD   
  Expenses:Taxes:Y2018:US:CityNYC                  174.92 USD   
  Expenses:Taxes:Y2018:US:SDI                        1.12 USD   
  Expenses:Taxes:Y2018:US:SocSec                   281.54 USD   
  Assets:US:Federal:PreTax401k                       0.00 IRAUSD
  Assets:US:Hoogle:Vacation                             5 VACHR 
  Income:US:Hoogle:Vacation                            -5 VACHR 

2018-09-13 * "Hoogle" "Payroll"
  Assets:US:BofA:Checking                         2550.60 USD   
  Income:US:Hoogle:Salary                        -4615.38 USD   
  Income:US:Hoogle:GroupTermLife                   -24.32 USD   
  Expenses:Health:Life:GroupTermLife                24.32 USD   
  Expenses:Health:Dental:Insurance                   2.90 USD   
  Expenses:Health:Medical:Insurance                 27.38 USD   
  Expenses:Health:Vision:Insurance                  42.30 USD   
  Expenses:Taxes:Y2018:US:Medicare                 106.62 USD   
  Expenses:Taxes:Y2018:US:Federal                 1062.92 USD   
  Expenses:Taxes:Y2018:US:State                    365.08 USD   
  Expenses:Taxes:Y2018:US:CityNYC                  174.92 USD   
  Expenses:Taxes:Y2018:US:SDI                        1.12 USD   
  Expenses:Taxes:Y2018:US:SocSec                   281.54 USD   
  Assets:US:Federal:PreTax401k                       0.00 IRAUSD
  Assets:US:Hoogle:Vacation                             5 VACHR 
  Income:US:Hoogle:Vacation                            -5 VACHR 

2018-09-27 * "Hoogle" "Payroll"
  Assets:US:BofA:Checking                         2550.60 USD   
  Income:US:Hoogle:Salary                        -4615.38 USD   
  Income:US:Hoogle:GroupTermLife                   -24.32 USD   
  Expenses:Health:Life:GroupTermLife                24.32 USD   
  Expenses:Health:Dental:Insurance                   2.90 USD   
  Expenses:Health:Medical:Insurance                 27.38 USD   
  Expenses:Health:Vision:Insurance                  42.30 USD   
  Expenses:Taxes:Y2018:US:Medicare                 106.62 USD   
  Expenses:Taxes:Y2018:US:Federal                 1062.92 USD   
  Expenses:Taxes:Y2018:US:State                    365.08 USD   
  Expenses:Taxes:Y2018:US:CityNYC                  174.92 USD   
  Expenses:Taxes:Y2018:US:SDI                        1.12 USD   
  Expenses:Taxes:Y2018:US:SocSec                   281.54 USD   
  Assets:US:Federal:PreTax401k                       0.00 IRAUSD
  Assets:US:Hoogle:Vacation                             5 VACHR 
  Income:US:Hoogle:Vacation                            -5 VACHR 

2018-10-11 * "Hoogle" "Payroll"
  Assets:US:BofA:Checking                         2550.60 USD   
  Income:US:Hoogle:Salary                        -4615.38 USD   
  Income:US:Hoogle:GroupTermLife                   -24.32 USD   
  Expenses:Health:Life:GroupTermLife                24.32 USD   
  Expenses:Health:Dental:Insurance                   2.90 USD   
  Expenses:Health:Medical:Insurance                 27.38 USD   
  Expenses:Health:Vision:Insurance                  42.30 USD   
  Expenses:Taxes:Y2018:US:Medicare                 106.62 USD   
  Expenses:Taxes:Y2018:US:Federal                 1062.92 USD   
  Expenses:Taxes:Y2018:US:State                    365.08 USD   
  Expenses:Taxes:Y2018:US:CityNYC                  174.92 USD   
  Expenses:Taxes:Y2018:US:SDI                        1.12 USD   
  Expenses:Taxes:Y2018:US:SocSec                   281.54 USD   
  Assets:US:Federal:PreTax401k                       0.00 IRAUSD
  Assets:US:Hoogle:Vacation                             5 VACHR 
  Income:US:Hoogle:Vacation                            -5 VACHR 

2018-10-25 * "Hoogle" "Payroll"
  Assets:US:BofA:Checking                         2550.60 USD   
  Income:US:Hoogle:Salary                        -4615.38 USD   
  Income:US:Hoogle:GroupTermLife                   -24.32 USD   
  Expenses:Health:Life:GroupTermLife                24.32 USD   
  Expenses:Health:Dental:Insurance                   2.90 USD   
  Expenses:Health:Medical:Insurance                 27.38 USD   
  Expenses:Health:Vision:Insurance                  42.30 USD   
  Expenses:Taxes:Y2018:US:Medicare                 106.62 USD   
  Expenses:Taxes:Y2018:US:Federal                 1062.92 USD   
  Expenses:Taxes:Y2018:US:State                    365.08 USD   
  Expenses:Taxes:Y2018:US:CityNYC                  174.92 USD   
  Expenses:Taxes:Y2018:US:SDI                        1.12 USD   
  Expenses:Taxes:Y2018:US:SocSec                   281.54 USD   
  Assets:US:Federal:PreTax401k                       0.00 IRAUSD
  Assets:US:Hoogle:Vacation                             5 VACHR 
  Income:US:Hoogle:Vacation                            -5 VACHR 

2018-11-08 * "Hoogle" "Payroll"
  Assets:US:BofA:Checking                         2550.60 USD   
  Income:US:Hoogle:Salary                        -4615.38 USD   
  Income:US:Hoogle:GroupTermLife                   -24.32 USD   
  Expenses:Health:Life:GroupTermLife                24.32 USD   
  Expenses:Health:Dental:Insurance                   2.90 USD   
  Expenses:Health:Medical:Insurance                 27.38 USD   
  Expenses:Health:Vision:Insurance                  42.30 USD   
  Expenses:Taxes:Y2018:US:Medicare                 106.62 USD   
  Expenses:Taxes:Y2018:US:Federal                 1062.92 USD   
  Expenses:Taxes:Y2018:US:State                    365.08 USD   
  Expenses:Taxes:Y2018:US:CityNYC                  174.92 USD   
  Expenses:Taxes:Y2018:US:SDI                        1.12 USD   
  Expenses:Taxes:Y2018:US:SocSec                   281.54 USD   
  Assets:US:Federal:PreTax401k                       0.00 IRAUSD
  Assets:US:Hoogle:Vacation                             5 VACHR 
  Income:US:Hoogle:Vacation                            -5 VACHR 

2018-11-22 * "Hoogle" "Payroll"
  Assets:US:BofA:Checking                         2550.60 USD   
  Income:US:Hoogle:Salary                        -4615.38 USD   
  Income:US:Hoogle:GroupTermLife                   -24.32 USD   
  Expenses:Health:Life:GroupTermLife                24.32 USD   
  Expenses:Health:Dental:Insurance                   2.90 USD   
  Expenses:Health:Medical:Insurance                 27.38 USD   
  Expenses:Health:Vision:Insurance                  42.30 USD   
  Expenses:Taxes:Y2018:US:Medicare                 106.62 USD   
  Expenses:Taxes:Y2018:US:Federal                 1062.92 USD   
  Expenses:Taxes:Y2018:US:State                    365.08 USD   
  Expenses:Taxes:Y2018:US:CityNYC                  174.92 USD   
  Expenses:Taxes:Y2018:US:SDI                        1.12 USD   
  Expenses:Taxes:Y2018:US:SocSec                   281.54 USD   
  Assets:US:Federal:PreTax401k                       0.00 IRAUSD
  Assets:US:Hoogle:Vacation                             5 VACHR 
  Income:US:Hoogle:Vacation                            -5 VACHR 

2018-12-06 * "Hoogle" "Payroll"
  Assets:US:BofA:Checking                         2589.06 USD   
  Income:US:Hoogle:Salary                        -4615.38 USD   
  Income:US:Hoogle:GroupTermLife                   -24.32 USD   
  Expenses:Health:Life:GroupTermLife                24.32 USD   
  Expenses:Health:Dental:Insurance                   2.90 USD   
  Expenses:Health:Medical:Insurance                 27.38 USD   
  Expenses:Health:Vision:Insurance                  42.30 USD   
  Expenses:Taxes:Y2018:US:Medicare                 106.62 USD   
  Expenses:Taxes:Y2018:US:Federal                 1062.92 USD   
  Expenses:Taxes:Y2018:US:State                    365.08 USD   
  Expenses:Taxes:Y2018:US:CityNYC                  174.92 USD   
  Expenses:Taxes:Y2018:US:SDI                        1.12 USD   
  Expenses:Taxes:Y2018:US:SocSec                   243.08 USD   
  Assets:US:Federal:PreTax401k                       0.00 IRAUSD
  Assets:US:Hoogle:Vacation                             5 VACHR 
  Income:US:Hoogle:Vacation                            -5 VACHR 

2018-12-20 * "Hoogle" "Payroll"
  Assets:US:BofA:Checking                         2832.14 USD   
  Income:US:Hoogle:Salary                        -4615.38 USD   
  Income:US:Hoogle:GroupTermLife                   -24.32 USD   
  Expenses:Health:Life:GroupTermLife                24.32 USD   
  Expenses:Health:Dental:Insurance                   2.90 USD   
  Expenses:Health:Medical:Insurance                 27.38 USD   
  Expenses:Health:Vision:Insurance                  42.30 USD   
  Expenses:Taxes:Y2018:US:Medicare                 106.62 USD   
  Expenses:Taxes:Y2018:US:Federal                 1062.92 USD   
  Expenses:Taxes:Y2018:US:State                    365.08 USD   
  Expenses:Taxes:Y2018:US:CityNYC                  174.92 USD   
  Expenses:Taxes:Y2018:US:SDI                        1.12 USD   
  Expenses:Taxes:Y2018:US:SocSec                     0.00 USD   
  Assets:US:Federal:PreTax401k                       0.00 IRAUSD
  Assets:US:Hoogle:Vacation                             5 VACHR 
  Income:US:Hoogle:Vacation                            -5 VACHR 

2019-01-03 * "Hoogle" "Payroll"
  Assets:US:BofA:Checking                         1350.60 USD   
  Assets:US:Vanguard:Cash                         1200.00 USD   
  Income:US:Hoogle:Salary                        -4615.38 USD   
  Income:US:Hoogle:GroupTermLife                   -24.32 USD   
  Expenses:Health:Life:GroupTermLife                24.32 USD   
  Expenses:Health:Dental:Insurance                   2.90 USD   
  Expenses:Health:Medical:Insurance                 27.38 USD   
  Expenses:Health:Vision:Insurance                  42.30 USD   
  Expenses:Taxes:Y2019:US:Medicare                 106.62 USD   
  Expenses:Taxes:Y2019:US:Federal                 1062.92 USD   
  Expenses:Taxes:Y2019:US:State                    365.08 USD   
  Expenses:Taxes:Y2019:US:CityNYC                  174.92 USD   
  Expenses:Taxes:Y2019:US:SDI                        1.12 USD   
  Expenses:Taxes:Y2019:US:SocSec                   281.54 USD   
  Assets:US:Federal:PreTax401k                   -1200.00 IRAUSD
  Expenses:Taxes:Y2019:US:Federal:PreTax401k      1200.00 IRAUSD
  Assets:US:Hoogle:Vacation                             5 VACHR 
  Income:US:Hoogle:Vacation                            -5 VACHR 

2019-01-17 * "Hoogle" "Payroll"
  Assets:US:BofA:Checking                         1350.60 USD   
  Assets:US:Vanguard:Cash                         1200.00 USD   
  Income:US:Hoogle:Salary                        -4615.38 USD   
  Income:US:Hoogle:GroupTermLife                   -24.32 USD   
  Expenses:Health:Life:GroupTermLife                24.32 USD   
  Expenses:Health:Dental:Insurance                   2.90 USD   
  Expenses:Health:Medical:Insurance                 27.38 USD   
  Expenses:Health:Vision:Insurance                  42.30 USD   
  Expenses:Taxes:Y2019:US:Medicare                 106.62 USD   
  Expenses:Taxes:Y2019:US:Federal                 1062.92 USD   
  Expenses:Taxes:Y2019:US:State                    365.08 USD   
  Expenses:Taxes:Y2019:US:CityNYC                  174.92 USD   
  Expenses:Taxes:Y2019:US:SDI                        1.12 USD   
  Expenses:Taxes:Y2019:US:SocSec                   281.54 USD   
  Assets:US:Federal:PreTax401k                   -1200.00 IRAUSD
  Expenses:Taxes:Y2019:US:Federal:PreTax401k      1200.00 IRAUSD
  Assets:US:Hoogle:Vacation                             5 VACHR 
  Income:US:Hoogle:Vacation                            -5 VACHR 

2019-01-31 * "Hoogle" "Payroll"
  Assets:US:BofA:Checking                         1350.60 USD   
  Assets:US:Vanguard:Cash                         1200.00 USD   
  Income:US:Hoogle:Salary                        -4615.38 USD   
  Income:US:Hoogle:GroupTermLife                   -24.32 USD   
  Expenses:Health:Life:GroupTermLife                24.32 USD   
  Expenses:Health:Dental:Insurance                   2.90 USD   
  Expenses:Health:Medical:Insurance                 27.38 USD   
  Expenses:Health:Vision:Insurance                  42.30 USD   
  Expenses:Taxes:Y2019:US:Medicare                 106.62 USD   
  Expenses:Taxes:Y2019:US:Federal                 1062.92 USD   
  Expenses:Taxes:Y2019:US:State                    365.08 USD   
  Expenses:Taxes:Y2019:US:CityNYC                  174.92 USD   
  Expenses:Taxes:Y2019:US:SDI                        1.12 USD   
  Expenses:Taxes:Y2019:US:SocSec                   281.54 USD   
  Assets:US:Federal:PreTax401k                   -1200.00 IRAUSD
  Expenses:Taxes:Y2019:US:Federal:PreTax401k      1200.00 IRAUSD
  Assets:US:Hoogle:Vacation                             5 VACHR 
  Income:US:Hoogle:Vacation                            -5 VACHR 

2019-02-14 * "Hoogle" "Payroll"
  Assets:US:BofA:Checking                         1350.60 USD   
  Assets:US:Vanguard:Cash                         1200.00 USD   
  Income:US:Hoogle:Salary                        -4615.38 USD   
  Income:US:Hoogle:GroupTermLife                   -24.32 USD   
  Expenses:Health:Life:GroupTermLife                24.32 USD   
  Expenses:Health:Dental:Insurance                   2.90 USD   
  Expenses:Health:Medical:Insurance                 27.38 USD   
  Expenses:Health:Vision:Insurance                  42.30 USD   
  Expenses:Taxes:Y2019:US:Medicare                 106.62 USD   
  Expenses:Taxes:Y2019:US:Federal                 1062.92 USD   
  Expenses:Taxes:Y2019:US:State                    365.08 USD   
  Expenses:Taxes:Y2019:US:CityNYC                  174.92 USD   
  Expenses:Taxes:Y2019:US:SDI                        1.12 USD   
  Expenses:Taxes:Y2019:US:SocSec                   281.54 USD   
  Assets:US:Federal:PreTax401k                   -1200.00 IRAUSD
  Expenses:Taxes:Y2019:US:Federal:PreTax401k      1200.00 IRAUSD
  Assets:US:Hoogle:Vacation                             5 VACHR 
  Income:US:Hoogle:Vacation                            -5 VACHR 

2019-02-28 * "Hoogle" "Payroll"
  Assets:US:BofA:Checking                         1350.60 USD   
  Assets:US:Vanguard:Cash                         1200.00 USD   
  Income:US:Hoogle:Salary                        -4615.38 USD   
  Income:US:Hoogle:GroupTermLife                   -24.32 USD   
  Expenses:Health:Life:GroupTermLife                24.32 USD   
  Expenses:Health:Dental:Insurance                   2.90 USD   
  Expenses:Health:Medical:Insurance                 27.38 USD   
  Expenses:Health:Vision:Insurance                  42.30 USD   
  Expenses:Taxes:Y2019:US:Medicare                 106.62 USD   
  Expenses:Taxes:Y2019:US:Federal                 1062.92 USD   
  Expenses:Taxes:Y2019:US:State                    365.08 USD   
  Expenses:Taxes:Y2019:US:CityNYC                  174.92 USD   
  Expenses:Taxes:Y2019:US:SDI                        1.12 USD   
  Expenses:Taxes:Y2019:US:SocSec                   281.54 USD   
  Assets:US:Federal:PreTax401k                   -1200.00 IRAUSD
  Expenses:Taxes:Y2019:US:Federal:PreTax401k      1200.00 IRAUSD
  Assets:US:Hoogle:Vacation                             5 VACHR 
  Income:US:Hoogle:Vacation                            -5 VACHR 

2019-03-14 * "Hoogle" "Payroll"
  Assets:US:BofA:Checking                         1350.60 USD   
  Assets:US:Vanguard:Cash                         1200.00 USD   
  Income:US:Hoogle:Salary                        -4615.38 USD   
  Income:US:Hoogle:GroupTermLife                   -24.32 USD   
  Expenses:Health:Life:GroupTermLife                24.32 USD   
  Expenses:Health:Dental:Insurance                   2.90 USD   
  Expenses:Health:Medical:Insurance                 27.38 USD   
  Expenses:Health:Vision:Insurance                  42.30 USD   
  Expenses:Taxes:Y2019:US:Medicare                 106.62 USD   
  Expenses:Taxes:Y2019:US:Federal                 1062.92 USD   
  Expenses:Taxes:Y2019:US:State                    365.08 USD   
  Expenses:Taxes:Y2019:US:CityNYC                  174.92 USD   
  Expenses:Taxes:Y2019:US:SDI                        1.12 USD   
  Expenses:Taxes:Y2019:US:SocSec                   281.54 USD   
  Assets:US:Federal:PreTax401k                   -1200.00 IRAUSD
  Expenses:Taxes:Y2019:US:Federal:PreTax401k      1200.00 IRAUSD
  Assets:US:Hoogle:Vacation                             5 VACHR 
  Income:US:Hoogle:Vacation                            -5 VACHR 

2019-03-28 * "Hoogle" "Payroll"
  Assets:US:BofA:Checking                         1350.60 USD   
  Assets:US:Vanguard:Cash                         1200.00 USD   
  Income:US:Hoogle:Salary                        -4615.38 USD   
  Income:US:Hoogle:GroupTermLife                   -24.32 USD   
  Expenses:Health:Life:GroupTermLife                24.32 USD   
  Expenses:Health:Dental:Insurance                   2.90 USD   
  Expenses:Health:Medical:Insurance                 27.38 USD   
  Expenses:Health:Vision:Insurance                  42.30 USD   
  Expenses:Taxes:Y2019:US:Medicare                 106.62 USD   
  Expenses:Taxes:Y2019:US:Federal                 1062.92 USD   
  Expenses:Taxes:Y2019:US:State                    365.08 USD   
  Expenses:Taxes:Y2019:US:CityNYC                  174.92 USD   
  Expenses:Taxes:Y2019:US:SDI                        1.12 USD   
  Expenses:Taxes:Y2019:US:SocSec                   281.54 USD   
  Assets:US:Federal:PreTax401k                   -1200.00 IRAUSD
  Expenses:Taxes:Y2019:US:Federal:PreTax401k      1200.00 IRAUSD
  Assets:US:Hoogle:Vacation                             5 VACHR 
  Income:US:Hoogle:Vacation                            -5 VACHR 

2019-04-11 * "Hoogle" "Payroll"
  Assets:US:BofA:Checking                         1350.60 USD   
  Assets:US:Vanguard:Cash                         1200.00 USD   
  Income:US:Hoogle:Salary                        -4615.38 USD   
  Income:US:Hoogle:GroupTermLife                   -24.32 USD   
  Expenses:Health:Life:GroupTermLife                24.32 USD   
  Expenses:Health:Dental:Insurance                   2.90 USD   
  Expenses:Health:Medical:Insurance                 27.38 USD   
  Expenses:Health:Vision:Insurance                  42.30 USD   
  Expenses:Taxes:Y2019:US:Medicare                 106.62 USD   
  Expenses:Taxes:Y2019:US:Federal                 1062.92 USD   
  Expenses:Taxes:Y2019:US:State                    365.08 USD   
  Expenses:Taxes:Y2019:US:CityNYC                  174.92 USD   
  Expenses:Taxes:Y2019:US:SDI                        1.12 USD   
  Expenses:Taxes:Y2019:US:SocSec                   281.54 USD   
  Assets:US:Federal:PreTax401k                   -1200.00 IRAUSD
  Expenses:Taxes:Y2019:US:Federal:PreTax401k      1200.00 IRAUSD
  Assets:US:Hoogle:Vacation                             5 VACHR 
  Income:US:Hoogle:Vacation                            -5 VACHR 

2019-04-25 * "Hoogle" "Payroll"
  Assets:US:BofA:Checking                         1350.60 USD   
  Assets:US:Vanguard:Cash                         1200.00 USD   
  Income:US:Hoogle:Salary                        -4615.38 USD   
  Income:US:Hoogle:GroupTermLife                   -24.32 USD   
  Expenses:Health:Life:GroupTermLife                24.32 USD   
  Expenses:Health:Dental:Insurance                   2.90 USD   
  Expenses:Health:Medical:Insurance                 27.38 USD   
  Expenses:Health:Vision:Insurance                  42.30 USD   
  Expenses:Taxes:Y2019:US:Medicare                 106.62 USD   
  Expenses:Taxes:Y2019:US:Federal                 1062.92 USD   
  Expenses:Taxes:Y2019:US:State                    365.08 USD   
  Expenses:Taxes:Y2019:US:CityNYC                  174.92 USD   
  Expenses:Taxes:Y2019:US:SDI                        1.12 USD   
  Expenses:Taxes:Y2019:US:SocSec                   281.54 USD   
  Assets:US:Federal:PreTax401k                   -1200.00 IRAUSD
  Expenses:Taxes:Y2019:US:Federal:PreTax401k      1200.00 IRAUSD
  Assets:US:Hoogle:Vacation                             5 VACHR 
  Income:US:Hoogle:Vacation                            -5 VACHR 

2019-05-09 * "Hoogle" "Payroll"
  Assets:US:BofA:Checking                         1350.60 USD   
  Assets:US:Vanguard:Cash                         1200.00 USD   
  Income:US:Hoogle:Salary                        -4615.38 USD   
  Income:US:Hoogle:GroupTermLife                   -24.32 USD   
  Expenses:Health:Life:GroupTermLife                24.32 USD   
  Expenses:Health:Dental:Insurance                   2.90 USD   
  Expenses:Health:Medical:Insurance                 27.38 USD   
  Expenses:Health:Vision:Insurance                  42.30 USD   
  Expenses:Taxes:Y2019:US:Medicare                 106.62 USD   
  Expenses:Taxes:Y2019:US:Federal                 1062.92 USD   
  Expenses:Taxes:Y2019:US:State                    365.08 USD   
  Expenses:Taxes:Y2019:US:CityNYC                  174.92 USD   
  Expenses:Taxes:Y2019:US:SDI                        1.12 USD   
  Expenses:Taxes:Y2019:US:SocSec                   281.54 USD   
  Assets:US:Federal:PreTax401k                   -1200.00 IRAUSD
  Expenses:Taxes:Y2019:US:Federal:PreTax401k      1200.00 IRAUSD
  Assets:US:Hoogle:Vacation                             5 VACHR 
  Income:US:Hoogle:Vacation                            -5 VACHR 

2019-05-23 * "Hoogle" "Payroll"
  Assets:US:BofA:Checking                         1350.60 USD   
  Assets:US:Vanguard:Cash                         1200.00 USD   
  Income:US:Hoogle:Salary                        -4615.38 USD   
  Income:US:Hoogle:GroupTermLife                   -24.32 USD   
  Expenses:Health:Life:GroupTermLife                24.32 USD   
  Expenses:Health:Dental:Insurance                   2.90 USD   
  Expenses:Health:Medical:Insurance                 27.38 USD   
  Expenses:Health:Vision:Insurance                  42.30 USD   
  Expenses:Taxes:Y2019:US:Medicare                 106.62 USD   
  Expenses:Taxes:Y2019:US:Federal                 1062.92 USD   
  Expenses:Taxes:Y2019:US:State                    365.08 USD   
  Expenses:Taxes:Y2019:US:CityNYC                  174.92 USD   
  Expenses:Taxes:Y2019:US:SDI                        1.12 USD   
  Expenses:Taxes:Y2019:US:SocSec                   281.54 USD   
  Assets:US:Federal:PreTax401k                   -1200.00 IRAUSD
  Expenses:Taxes:Y2019:US:Federal:PreTax401k      1200.00 IRAUSD
  Assets:US:Hoogle:Vacation                             5 VACHR 
  Income:US:Hoogle:Vacation                            -5 VACHR 

2019-06-06 * "Hoogle" "Payroll"
  Assets:US:BofA:Checking                         1350.60 USD   
  Assets:US:Vanguard:Cash                         1200.00 USD   
  Income:US:Hoogle:Salary                        -4615.38 USD   
  Income:US:Hoogle:GroupTermLife                   -24.32 USD   
  Expenses:Health:Life:GroupTermLife                24.32 USD   
  Expenses:Health:Dental:Insurance                   2.90 USD   
  Expenses:Health:Medical:Insurance                 27.38 USD   
  Expenses:Health:Vision:Insurance                  42.30 USD   
  Expenses:Taxes:Y2019:US:Medicare                 106.62 USD   
  Expenses:Taxes:Y2019:US:Federal                 1062.92 USD   
  Expenses:Taxes:Y2019:US:State                    365.08 USD   
  Expenses:Taxes:Y2019:US:CityNYC                  174.92 USD   
  Expenses:Taxes:Y2019:US:SDI                        1.12 USD   
  Expenses:Taxes:Y2019:US:SocSec                   281.54 USD   
  Assets:US:Federal:PreTax401k                   -1200.00 IRAUSD
  Expenses:Taxes:Y2019:US:Federal:PreTax401k      1200.00 IRAUSD
  Assets:US:Hoogle:Vacation                             5 VACHR 
  Income:US:Hoogle:Vacation                            -5 VACHR 

2019-06-20 * "Hoogle" "Payroll"
  Assets:US:BofA:Checking                         1350.60 USD   
  Assets:US:Vanguard:Cash                         1200.00 USD   
  Income:US:Hoogle:Salary                        -4615.38 USD   
  Income:US:Hoogle:GroupTermLife                   -24.32 USD   
  Expenses:Health:Life:GroupTermLife                24.32 USD   
  Expenses:Health:Dental:Insurance                   2.90 USD   
  Expenses:Health:Medical:Insurance                 27.38 USD   
  Expenses:Health:Vision:Insurance                  42.30 USD   
  Expenses:Taxes:Y2019:US:Medicare                 106.62 USD   
  Expenses:Taxes:Y2019:US:Federal                 1062.92 USD   
  Expenses:Taxes:Y2019:US:State                    365.08 USD   
  Expenses:Taxes:Y2019:US:CityNYC                  174.92 USD   
  Expenses:Taxes:Y2019:US:SDI                        1.12 USD   
  Expenses:Taxes:Y2019:US:SocSec                   281.54 USD   
  Assets:US:Federal:PreTax401k                   -1200.00 IRAUSD
  Expenses:Taxes:Y2019:US:Federal:PreTax401k      1200.00 IRAUSD
  Assets:US:Hoogle:Vacation                             5 VACHR 
  Income:US:Hoogle:Vacation                            -5 VACHR 

2019-07-04 * "Hoogle" "Payroll"
  Assets:US:BofA:Checking                         1350.60 USD   
  Assets:US:Vanguard:Cash                         1200.00 USD   
  Income:US:Hoogle:Salary                        -4615.38 USD   
  Income:US:Hoogle:GroupTermLife                   -24.32 USD   
  Expenses:Health:Life:GroupTermLife                24.32 USD   
  Expenses:Health:Dental:Insurance                   2.90 USD   
  Expenses:Health:Medical:Insurance                 27.38 USD   
  Expenses:Health:Vision:Insurance                  42.30 USD   
  Expenses:Taxes:Y2019:US:Medicare                 106.62 USD   
  Expenses:Taxes:Y2019:US:Federal                 1062.92 USD   
  Expenses:Taxes:Y2019:US:State                    365.08 USD   
  Expenses:Taxes:Y2019:US:CityNYC                  174.92 USD   
  Expenses:Taxes:Y2019:US:SDI                        1.12 USD   
  Expenses:Taxes:Y2019:US:SocSec                   281.54 USD   
  Assets:US:Federal:PreTax401k                   -1200.00 IRAUSD
  Expenses:Taxes:Y2019:US:Federal:PreTax401k      1200.00 IRAUSD
  Assets:US:Hoogle:Vacation                             5 VACHR 
  Income:US:Hoogle:Vacation                            -5 VACHR 

2019-07-18 * "Hoogle" "Payroll"
  Assets:US:BofA:Checking                         1350.60 USD   
  Assets:US:Vanguard:Cash                         1200.00 USD   
  Income:US:Hoogle:Salary                        -4615.38 USD   
  Income:US:Hoogle:GroupTermLife                   -24.32 USD   
  Expenses:Health:Life:GroupTermLife                24.32 USD   
  Expenses:Health:Dental:Insurance                   2.90 USD   
  Expenses:Health:Medical:Insurance                 27.38 USD   
  Expenses:Health:Vision:Insurance                  42.30 USD   
  Expenses:Taxes:Y2019:US:Medicare                 106.62 USD   
  Expenses:Taxes:Y2019:US:Federal                 1062.92 USD   
  Expenses:Taxes:Y2019:US:State                    365.08 USD   
  Expenses:Taxes:Y2019:US:CityNYC                  174.92 USD   
  Expenses:Taxes:Y2019:US:SDI                        1.12 USD   
  Expenses:Taxes:Y2019:US:SocSec                   281.54 USD   
  Assets:US:Federal:PreTax401k                   -1200.00 IRAUSD
  Expenses:Taxes:Y2019:US:Federal:PreTax401k      1200.00 IRAUSD
  Assets:US:Hoogle:Vacation                             5 VACHR 
  Income:US:Hoogle:Vacation                            -5 VACHR 

2019-08-01 * "Hoogle" "Payroll"
  Assets:US:BofA:Checking                         2050.60 USD   
  Assets:US:Vanguard:Cash                          500.00 USD   
  Income:US:Hoogle:Salary                        -4615.38 USD   
  Income:US:Hoogle:GroupTermLife                   -24.32 USD   
  Expenses:Health:Life:GroupTermLife                24.32 USD   
  Expenses:Health:Dental:Insurance                   2.90 USD   
  Expenses:Health:Medical:Insurance                 27.38 USD   
  Expenses:Health:Vision:Insurance                  42.30 USD   
  Expenses:Taxes:Y2019:US:Medicare                 106.62 USD   
  Expenses:Taxes:Y2019:US:Federal                 1062.92 USD   
  Expenses:Taxes:Y2019:US:State                    365.08 USD   
  Expenses:Taxes:Y2019:US:CityNYC                  174.92 USD   
  Expenses:Taxes:Y2019:US:SDI                        1.12 USD   
  Expenses:Taxes:Y2019:US:SocSec                   281.54 USD   
  Assets:US:Federal:PreTax401k                    -500.00 IRAUSD
  Expenses:Taxes:Y2019:US:Federal:PreTax401k       500.00 IRAUSD
  Assets:US:Hoogle:Vacation                             5 VACHR 
  Income:US:Hoogle:Vacation                            -5 VACHR 

2019-08-15 * "Hoogle" "Payroll"
  Assets:US:BofA:Checking                         2550.60 USD   
  Income:US:Hoogle:Salary                        -4615.38 USD   
  Income:US:Hoogle:GroupTermLife                   -24.32 USD   
  Expenses:Health:Life:GroupTermLife                24.32 USD   
  Expenses:Health:Dental:Insurance                   2.90 USD   
  Expenses:Health:Medical:Insurance                 27.38 USD   
  Expenses:Health:Vision:Insurance                  42.30 USD   
  Expenses:Taxes:Y2019:US:Medicare                 106.62 USD   
  Expenses:Taxes:Y2019:US:Federal                 1062.92 USD   
  Expenses:Taxes:Y2019:US:State                    365.08 USD   
  Expenses:Taxes:Y2019:US:CityNYC                  174.92 USD   
  Expenses:Taxes:Y2019:US:SDI                        1.12 USD   
  Expenses:Taxes:Y2019:US:SocSec                   281.54 USD   
  Assets:US:Federal:PreTax401k                       0.00 IRAUSD
  Assets:US:Hoogle:Vacation                             5 VACHR 
  Income:US:Hoogle:Vacation                            -5 VACHR 

2019-08-29 * "Hoogle" "Payroll"
  Assets:US:BofA:Checking                         2550.60 USD   
  Income:US:Hoogle:Salary                        -4615.38 USD   
  Income:US:Hoogle:GroupTermLife                   -24.32 USD   
  Expenses:Health:Life:GroupTermLife                24.32 USD   
  Expenses:Health:Dental:Insurance                   2.90 USD   
  Expenses:Health:Medical:Insurance                 27.38 USD   
  Expenses:Health:Vision:Insurance                  42.30 USD   
  Expenses:Taxes:Y2019:US:Medicare                 106.62 USD   
  Expenses:Taxes:Y2019:US:Federal                 1062.92 USD   
  Expenses:Taxes:Y2019:US:State                    365.08 USD   
  Expenses:Taxes:Y2019:US:CityNYC                  174.92 USD   
  Expenses:Taxes:Y2019:US:SDI                        1.12 USD   
  Expenses:Taxes:Y2019:US:SocSec                   281.54 USD   
  Assets:US:Federal:PreTax401k                       0.00 IRAUSD
  Assets:US:Hoogle:Vacation                             5 VACHR 
  Income:US:Hoogle:Vacation                            -5 VACHR 

2019-09-12 * "Hoogle" "Payroll"
  Assets:US:BofA:Checking                         2550.60 USD   
  Income:US:Hoogle:Salary                        -4615.38 USD   
  Income:US:Hoogle:GroupTermLife                   -24.32 USD   
  Expenses:Health:Life:GroupTermLife                24.32 USD   
  Expenses:Health:Dental:Insurance                   2.90 USD   
  Expenses:Health:Medical:Insurance                 27.38 USD   
  Expenses:Health:Vision:Insurance                  42.30 USD   
  Expenses:Taxes:Y2019:US:Medicare                 106.62 USD   
  Expenses:Taxes:Y2019:US:Federal                 1062.92 USD   
  Expenses:Taxes:Y2019:US:State                    365.08 USD   
  Expenses:Taxes:Y2019:US:CityNYC                  174.92 USD   
  Expenses:Taxes:Y2019:US:SDI                        1.12 USD   
  Expenses:Taxes:Y2019:US:SocSec                   281.54 USD   
  Assets:US:Federal:PreTax401k                       0.00 IRAUSD
  Assets:US:Hoogle:Vacation                             5 VACHR 
  Income:US:Hoogle:Vacation                            -5 VACHR 

2019-09-26 * "Hoogle" "Payroll"
  Assets:US:BofA:Checking                         2550.60 USD   
  Income:US:Hoogle:Salary                        -4615.38 USD   
  Income:US:Hoogle:GroupTermLife                   -24.32 USD   
  Expenses:Health:Life:GroupTermLife                24.32 USD   
  Expenses:Health:Dental:Insurance                   2.90 USD   
  Expenses:Health:Medical:Insurance                 27.38 USD   
  Expenses:Health:Vision:Insurance                  42.30 USD   
  Expenses:Taxes:Y2019:US:Medicare                 106.62 USD   
  Expenses:Taxes:Y2019:US:Federal                 1062.92 USD   
  Expenses:Taxes:Y2019:US:State                    365.08 USD   
  Expenses:Taxes:Y2019:US:CityNYC                  174.92 USD   
  Expenses:Taxes:Y2019:US:SDI                        1.12 USD   
  Expenses:Taxes:Y2019:US:SocSec                   281.54 USD   
  Assets:US:Federal:PreTax401k                       0.00 IRAUSD
  Assets:US:Hoogle:Vacation                             5 VACHR 
  Income:US:Hoogle:Vacation                            -5 VACHR 

2019-10-10 * "Hoogle" "Payroll"
  Assets:US:BofA:Checking                         2550.60 USD   
  Income:US:Hoogle:Salary                        -4615.38 USD   
  Income:US:Hoogle:GroupTermLife                   -24.32 USD   
  Expenses:Health:Life:GroupTermLife                24.32 USD   
  Expenses:Health:Dental:Insurance                   2.90 USD   
  Expenses:Health:Medical:Insurance                 27.38 USD   
  Expenses:Health:Vision:Insurance                  42.30 USD   
  Expenses:Taxes:Y2019:US:Medicare                 106.62 USD   
  Expenses:Taxes:Y2019:US:Federal                 1062.92 USD   
  Expenses:Taxes:Y2019:US:State                    365.08 USD   
  Expenses:Taxes:Y2019:US:CityNYC                  174.92 USD   
  Expenses:Taxes:Y2019:US:SDI                        1.12 USD   
  Expenses:Taxes:Y2019:US:SocSec                   281.54 USD   
  Assets:US:Federal:PreTax401k                       0.00 IRAUSD
  Assets:US:Hoogle:Vacation                             5 VACHR 
  Income:US:Hoogle:Vacation                            -5 VACHR 

2019-10-24 * "Hoogle" "Payroll"
  Assets:US:BofA:Checking                         2550.60 USD   
  Income:US:Hoogle:Salary                        -4615.38 USD   
  Income:US:Hoogle:GroupTermLife                   -24.32 USD   
  Expenses:Health:Life:GroupTermLife                24.32 USD   
  Expenses:Health:Dental:Insurance                   2.90 USD   
  Expenses:Health:Medical:Insurance                 27.38 USD   
  Expenses:Health:Vision:Insurance                  42.30 USD   
  Expenses:Taxes:Y2019:US:Medicare                 106.62 USD   
  Expenses:Taxes:Y2019:US:Federal                 1062.92 USD   
  Expenses:Taxes:Y2019:US:State                    365.08 USD   
  Expenses:Taxes:Y2019:US:CityNYC                  174.92 USD   
  Expenses:Taxes:Y2019:US:SDI                        1.12 USD   
  Expenses:Taxes:Y2019:US:SocSec                   281.54 USD   
  Assets:US:Federal:PreTax401k                       0.00 IRAUSD
  Assets:US:Hoogle:Vacation                             5 VACHR 
  Income:US:Hoogle:Vacation                            -5 VACHR 

2019-11-07 * "Hoogle" "Payroll"
  Assets:US:BofA:Checking                         2550.60 USD   
  Income:US:Hoogle:Salary                        -4615.38 USD   
  Income:US:Hoogle:GroupTermLife                   -24.32 USD   
  Expenses:Health:Life:GroupTermLife                24.32 USD   
  Expenses:Health:Dental:Insurance                   2.90 USD   
  Expenses:Health:Medical:Insurance                 27.38 USD   
  Expenses:Health:Vision:Insurance                  42.30 USD   
  Expenses:Taxes:Y2019:US:Medicare                 106.62 USD   
  Expenses:Taxes:Y2019:US:Federal                 1062.92 USD   
  Expenses:Taxes:Y2019:US:State                    365.08 USD   
  Expenses:Taxes:Y2019:US:CityNYC                  174.92 USD   
  Expenses:Taxes:Y2019:US:SDI                        1.12 USD   
  Expenses:Taxes:Y2019:US:SocSec                   281.54 USD   
  Assets:US:Federal:PreTax401k                       0.00 IRAUSD
  Assets:US:Hoogle:Vacation                             5 VACHR 
  Income:US:Hoogle:Vacation                            -5 VACHR 

2019-11-21 * "Hoogle" "Payroll"
  Assets:US:BofA:Checking                         2550.60 USD   
  Income:US:Hoogle:Salary                        -4615.38 USD   
  Income:US:Hoogle:GroupTermLife                   -24.32 USD   
  Expenses:Health:Life:GroupTermLife                24.32 USD   
  Expenses:Health:Dental:Insurance                   2.90 USD   
  Expenses:Health:Medical:Insurance                 27.38 USD   
  Expenses:Health:Vision:Insurance                  42.30 USD   
  Expenses:Taxes:Y2019:US:Medicare                 106.62 USD   
  Expenses:Taxes:Y2019:US:Federal                 1062.92 USD   
  Expenses:Taxes:Y2019:US:State                    365.08 USD   
  Expenses:Taxes:Y2019:US:CityNYC                  174.92 USD   
  Expenses:Taxes:Y2019:US:SDI                        1.12 USD   
  Expenses:Taxes:Y2019:US:SocSec                   281.54 USD   
  Assets:US:Federal:PreTax401k                       0.00 IRAUSD
  Assets:US:Hoogle:Vacation                             5 VACHR 
  Income:US:Hoogle:Vacation                            -5 VACHR 

2019-12-05 * "Hoogle" "Payroll"
  Assets:US:BofA:Checking                         2589.06 USD   
  Income:US:Hoogle:Salary                        -4615.38 USD   
  Income:US:Hoogle:GroupTermLife                   -24.32 USD   
  Expenses:Health:Life:GroupTermLife                24.32 USD   
  Expenses:Health:Dental:Insurance                   2.90 USD   
  Expenses:Health:Medical:Insurance                 27.38 USD   
  Expenses:Health:Vision:Insurance                  42.30 USD   
  Expenses:Taxes:Y2019:US:Medicare                 106.62 USD   
  Expenses:Taxes:Y2019:US:Federal                 1062.92 USD   
  Expenses:Taxes:Y2019:US:State                    365.08 USD   
  Expenses:Taxes:Y2019:US:CityNYC                  174.92 USD   
  Expenses:Taxes:Y2019:US:SDI                        1.12 USD   
  Expenses:Taxes:Y2019:US:SocSec                   243.08 USD   
  Assets:US:Federal:PreTax401k                       0.00 IRAUSD
  Assets:US:Hoogle:Vacation                             5 VACHR 
  Income:US:Hoogle:Vacation                            -5 VACHR 

2019-12-19 * "Hoogle" "Payroll"
  Assets:US:BofA:Checking                         2832.14 USD   
  Income:US:Hoogle:Salary                        -4615.38 USD   
  Income:US:Hoogle:GroupTermLife                   -24.32 USD   
  Expenses:Health:Life:GroupTermLife                24.32 USD   
  Expenses:Health:Dental:Insurance                   2.90 USD   
  Expenses:Health:Medical:Insurance                 27.38 USD   
  Expenses:Health:Vision:Insurance                  42.30 USD   
  Expenses:Taxes:Y2019:US:Medicare                 106.62 USD   
  Expenses:Taxes:Y2019:US:Federal                 1062.92 USD   
  Expenses:Taxes:Y2019:US:State                    365.08 USD   
  Expenses:Taxes:Y2019:US:CityNYC                  174.92 USD   
  Expenses:Taxes:Y2019:US:SDI                        1.12 USD   
  Expenses:Taxes:Y2019:US:SocSec                     0.00 USD   
  Assets:US:Federal:PreTax401k                       0.00 IRAUSD
  Assets:US:Hoogle:Vacation                             5 VACHR 
  Income:US:Hoogle:Vacation                            -5 VACHR 

2020-01-02 * "Hoogle" "Payroll"
  Assets:US:BofA:Checking                         1350.60 USD   
  Assets:US:Vanguard:Cash                         1200.00 USD   
  Income:US:Hoogle:Salary                        -4615.38 USD   
  Income:US:Hoogle:GroupTermLife                   -24.32 USD   
  Expenses:Health:Life:GroupTermLife                24.32 USD   
  Expenses:Health:Dental:Insurance                   2.90 USD   
  Expenses:Health:Medical:Insurance                 27.38 USD   
  Expenses:Health:Vision:Insurance                  42.30 USD   
  Expenses:Taxes:Y2020:US:Medicare                 106.62 USD   
  Expenses:Taxes:Y2020:US:Federal                 1062.92 USD   
  Expenses:Taxes:Y2020:US:State                    365.08 USD   
  Expenses:Taxes:Y2020:US:CityNYC                  174.92 USD   
  Expenses:Taxes:Y2020:US:SDI                        1.12 USD   
  Expenses:Taxes:Y2020:US:SocSec                   281.54 USD   
  Assets:US:Federal:PreTax401k                   -1200.00 IRAUSD
  Expenses:Taxes:Y2020:US:Federal:PreTax401k      1200.00 IRAUSD
  Assets:US:Hoogle:Vacation                             5 VACHR 
  Income:US:Hoogle:Vacation                            -5 VACHR 

2020-01-16 * "Hoogle" "Payroll"
  Assets:US:BofA:Checking                         1350.60 USD   
  Assets:US:Vanguard:Cash                         1200.00 USD   
  Income:US:Hoogle:Salary                        -4615.38 USD   
  Income:US:Hoogle:GroupTermLife                   -24.32 USD   
  Expenses:Health:Life:GroupTermLife                24.32 USD   
  Expenses:Health:Dental:Insurance                   2.90 USD   
  Expenses:Health:Medical:Insurance                 27.38 USD   
  Expenses:Health:Vision:Insurance                  42.30 USD   
  Expenses:Taxes:Y2020:US:Medicare                 106.62 USD   
  Expenses:Taxes:Y2020:US:Federal                 1062.92 USD   
  Expenses:Taxes:Y2020:US:State                    365.08 USD   
  Expenses:Taxes:Y2020:US:CityNYC                  174.92 USD   
  Expenses:Taxes:Y2020:US:SDI                        1.12 USD   
  Expenses:Taxes:Y2020:US:SocSec                   281.54 USD   
  Assets:US:Federal:PreTax401k                   -1200.00 IRAUSD
  Expenses:Taxes:Y2020:US:Federal:PreTax401k      1200.00 IRAUSD
  Assets:US:Hoogle:Vacation                             5 VACHR 
  Income:US:Hoogle:Vacation                            -5 VACHR 

2020-01-30 * "Hoogle" "Payroll"
  Assets:US:BofA:Checking                         1350.60 USD   
  Assets:US:Vanguard:Cash                         1200.00 USD   
  Income:US:Hoogle:Salary                        -4615.38 USD   
  Income:US:Hoogle:GroupTermLife                   -24.32 USD   
  Expenses:Health:Life:GroupTermLife                24.32 USD   
  Expenses:Health:Dental:Insurance                   2.90 USD   
  Expenses:Health:Medical:Insurance                 27.38 USD   
  Expenses:Health:Vision:Insurance                  42.30 USD   
  Expenses:Taxes:Y2020:US:Medicare                 106.62 USD   
  Expenses:Taxes:Y2020:US:Federal                 1062.92 USD   
  Expenses:Taxes:Y2020:US:State                    365.08 USD   
  Expenses:Taxes:Y2020:US:CityNYC                  174.92 USD   
  Expenses:Taxes:Y2020:US:SDI                        1.12 USD   
  Expenses:Taxes:Y2020:US:SocSec                   281.54 USD   
  Assets:US:Federal:PreTax401k                   -1200.00 IRAUSD
  Expenses:Taxes:Y2020:US:Federal:PreTax401k      1200.00 IRAUSD
  Assets:US:Hoogle:Vacation                             5 VACHR 
  Income:US:Hoogle:Vacation                            -5 VACHR 

2020-02-13 * "Hoogle" "Payroll"
  Assets:US:BofA:Checking                         1350.60 USD   
  Assets:US:Vanguard:Cash                         1200.00 USD   
  Income:US:Hoogle:Salary                        -4615.38 USD   
  Income:US:Hoogle:GroupTermLife                   -24.32 USD   
  Expenses:Health:Life:GroupTermLife                24.32 USD   
  Expenses:Health:Dental:Insurance                   2.90 USD   
  Expenses:Health:Medical:Insurance                 27.38 USD   
  Expenses:Health:Vision:Insurance                  42.30 USD   
  Expenses:Taxes:Y2020:US:Medicare                 106.62 USD   
  Expenses:Taxes:Y2020:US:Federal                 1062.92 USD   
  Expenses:Taxes:Y2020:US:State                    365.08 USD   
  Expenses:Taxes:Y2020:US:CityNYC                  174.92 USD   
  Expenses:Taxes:Y2020:US:SDI                        1.12 USD   
  Expenses:Taxes:Y2020:US:SocSec                   281.54 USD   
  Assets:US:Federal:PreTax401k                   -1200.00 IRAUSD
  Expenses:Taxes:Y2020:US:Federal:PreTax401k      1200.00 IRAUSD
  Assets:US:Hoogle:Vacation                             5 VACHR 
  Income:US:Hoogle:Vacation                            -5 VACHR 

2020-02-27 * "Hoogle" "Payroll"
  Assets:US:BofA:Checking                         1350.60 USD   
  Assets:US:Vanguard:Cash                         1200.00 USD   
  Income:US:Hoogle:Salary                        -4615.38 USD   
  Income:US:Hoogle:GroupTermLife                   -24.32 USD   
  Expenses:Health:Life:GroupTermLife                24.32 USD   
  Expenses:Health:Dental:Insurance                   2.90 USD   
  Expenses:Health:Medical:Insurance                 27.38 USD   
  Expenses:Health:Vision:Insurance                  42.30 USD   
  Expenses:Taxes:Y2020:US:Medicare                 106.62 USD   
  Expenses:Taxes:Y2020:US:Federal                 1062.92 USD   
  Expenses:Taxes:Y2020:US:State                    365.08 USD   
  Expenses:Taxes:Y2020:US:CityNYC                  174.92 USD   
  Expenses:Taxes:Y2020:US:SDI                        1.12 USD   
  Expenses:Taxes:Y2020:US:SocSec                   281.54 USD   
  Assets:US:Federal:PreTax401k                   -1200.00 IRAUSD
  Expenses:Taxes:Y2020:US:Federal:PreTax401k      1200.00 IRAUSD
  Assets:US:Hoogle:Vacation                             5 VACHR 
  Income:US:Hoogle:Vacation                            -5 VACHR 

2020-03-12 * "Hoogle" "Payroll"
  Assets:US:BofA:Checking                         1350.60 USD   
  Assets:US:Vanguard:Cash                         1200.00 USD   
  Income:US:Hoogle:Salary                        -4615.38 USD   
  Income:US:Hoogle:GroupTermLife                   -24.32 USD   
  Expenses:Health:Life:GroupTermLife                24.32 USD   
  Expenses:Health:Dental:Insurance                   2.90 USD   
  Expenses:Health:Medical:Insurance                 27.38 USD   
  Expenses:Health:Vision:Insurance                  42.30 USD   
  Expenses:Taxes:Y2020:US:Medicare                 106.62 USD   
  Expenses:Taxes:Y2020:US:Federal                 1062.92 USD   
  Expenses:Taxes:Y2020:US:State                    365.08 USD   
  Expenses:Taxes:Y2020:US:CityNYC                  174.92 USD   
  Expenses:Taxes:Y2020:US:SDI                        1.12 USD   
  Expenses:Taxes:Y2020:US:SocSec                   281.54 USD   
  Assets:US:Federal:PreTax401k                   -1200.00 IRAUSD
  Expenses:Taxes:Y2020:US:Federal:PreTax401k      1200.00 IRAUSD
  Assets:US:Hoogle:Vacation                             5 VACHR 
  Income:US:Hoogle:Vacation                            -5 VACHR 

2020-03-26 * "Hoogle" "Payroll"
  Assets:US:BofA:Checking                         1350.60 USD   
  Assets:US:Vanguard:Cash                         1200.00 USD   
  Income:US:Hoogle:Salary                        -4615.38 USD   
  Income:US:Hoogle:GroupTermLife                   -24.32 USD   
  Expenses:Health:Life:GroupTermLife                24.32 USD   
  Expenses:Health:Dental:Insurance                   2.90 USD   
  Expenses:Health:Medical:Insurance                 27.38 USD   
  Expenses:Health:Vision:Insurance                  42.30 USD   
  Expenses:Taxes:Y2020:US:Medicare                 106.62 USD   
  Expenses:Taxes:Y2020:US:Federal                 1062.92 USD   
  Expenses:Taxes:Y2020:US:State                    365.08 USD   
  Expenses:Taxes:Y2020:US:CityNYC                  174.92 USD   
  Expenses:Taxes:Y2020:US:SDI                        1.12 USD   
  Expenses:Taxes:Y2020:US:SocSec                   281.54 USD   
  Assets:US:Federal:PreTax401k                   -1200.00 IRAUSD
  Expenses:Taxes:Y2020:US:Federal:PreTax401k      1200.00 IRAUSD
  Assets:US:Hoogle:Vacation                             5 VACHR 
  Income:US:Hoogle:Vacation                            -5 VACHR 

2020-04-09 * "Hoogle" "Payroll"
  Assets:US:BofA:Checking                         1350.60 USD   
  Assets:US:Vanguard:Cash                         1200.00 USD   
  Income:US:Hoogle:Salary                        -4615.38 USD   
  Income:US:Hoogle:GroupTermLife                   -24.32 USD   
  Expenses:Health:Life:GroupTermLife                24.32 USD   
  Expenses:Health:Dental:Insurance                   2.90 USD   
  Expenses:Health:Medical:Insurance                 27.38 USD   
  Expenses:Health:Vision:Insurance                  42.30 USD   
  Expenses:Taxes:Y2020:US:Medicare                 106.62 USD   
  Expenses:Taxes:Y2020:US:Federal                 1062.92 USD   
  Expenses:Taxes:Y2020:US:State                    365.08 USD   
  Expenses:Taxes:Y2020:US:CityNYC                  174.92 USD   
  Expenses:Taxes:Y2020:US:SDI                        1.12 USD   
  Expenses:Taxes:Y2020:US:SocSec                   281.54 USD   
  Assets:US:Federal:PreTax401k                   -1200.00 IRAUSD
  Expenses:Taxes:Y2020:US:Federal:PreTax401k      1200.00 IRAUSD
  Assets:US:Hoogle:Vacation                             5 VACHR 
  Income:US:Hoogle:Vacation                            -5 VACHR 

2020-04-23 * "Hoogle" "Payroll"
  Assets:US:BofA:Checking                         1350.60 USD   
  Assets:US:Vanguard:Cash                         1200.00 USD   
  Income:US:Hoogle:Salary                        -4615.38 USD   
  Income:US:Hoogle:GroupTermLife                   -24.32 USD   
  Expenses:Health:Life:GroupTermLife                24.32 USD   
  Expenses:Health:Dental:Insurance                   2.90 USD   
  Expenses:Health:Medical:Insurance                 27.38 USD   
  Expenses:Health:Vision:Insurance                  42.30 USD   
  Expenses:Taxes:Y2020:US:Medicare                 106.62 USD   
  Expenses:Taxes:Y2020:US:Federal                 1062.92 USD   
  Expenses:Taxes:Y2020:US:State                    365.08 USD   
  Expenses:Taxes:Y2020:US:CityNYC                  174.92 USD   
  Expenses:Taxes:Y2020:US:SDI                        1.12 USD   
  Expenses:Taxes:Y2020:US:SocSec                   281.54 USD   
  Assets:US:Federal:PreTax401k                   -1200.00 IRAUSD
  Expenses:Taxes:Y2020:US:Federal:PreTax401k      1200.00 IRAUSD
  Assets:US:Hoogle:Vacation                             5 VACHR 
  Income:US:Hoogle:Vacation                            -5 VACHR 

2020-05-07 * "Hoogle" "Payroll"
  Assets:US:BofA:Checking                         1350.60 USD   
  Assets:US:Vanguard:Cash                         1200.00 USD   
  Income:US:Hoogle:Salary                        -4615.38 USD   
  Income:US:Hoogle:GroupTermLife                   -24.32 USD   
  Expenses:Health:Life:GroupTermLife                24.32 USD   
  Expenses:Health:Dental:Insurance                   2.90 USD   
  Expenses:Health:Medical:Insurance                 27.38 USD   
  Expenses:Health:Vision:Insurance                  42.30 USD   
  Expenses:Taxes:Y2020:US:Medicare                 106.62 USD   
  Expenses:Taxes:Y2020:US:Federal                 1062.92 USD   
  Expenses:Taxes:Y2020:US:State                    365.08 USD   
  Expenses:Taxes:Y2020:US:CityNYC                  174.92 USD   
  Expenses:Taxes:Y2020:US:SDI                        1.12 USD   
  Expenses:Taxes:Y2020:US:SocSec                   281.54 USD   
  Assets:US:Federal:PreTax401k                   -1200.00 IRAUSD
  Expenses:Taxes:Y2020:US:Federal:PreTax401k      1200.00 IRAUSD
  Assets:US:Hoogle:Vacation                             5 VACHR 
  Income:US:Hoogle:Vacation                            -5 VACHR 

2020-05-21 * "Hoogle" "Payroll"
  Assets:US:BofA:Checking                         1350.60 USD   
  Assets:US:Vanguard:Cash                         1200.00 USD   
  Income:US:Hoogle:Salary                        -4615.38 USD   
  Income:US:Hoogle:GroupTermLife                   -24.32 USD   
  Expenses:Health:Life:GroupTermLife                24.32 USD   
  Expenses:Health:Dental:Insurance                   2.90 USD   
  Expenses:Health:Medical:Insurance                 27.38 USD   
  Expenses:Health:Vision:Insurance                  42.30 USD   
  Expenses:Taxes:Y2020:US:Medicare                 106.62 USD   
  Expenses:Taxes:Y2020:US:Federal                 1062.92 USD   
  Expenses:Taxes:Y2020:US:State                    365.08 USD   
  Expenses:Taxes:Y2020:US:CityNYC                  174.92 USD   
  Expenses:Taxes:Y2020:US:SDI                        1.12 USD   
  Expenses:Taxes:Y2020:US:SocSec                   281.54 USD   
  Assets:US:Federal:PreTax401k                   -1200.00 IRAUSD
  Expenses:Taxes:Y2020:US:Federal:PreTax401k      1200.00 IRAUSD
  Assets:US:Hoogle:Vacation                             5 VACHR 
  Income:US:Hoogle:Vacation                            -5 VACHR 

2020-06-04 * "Hoogle" "Payroll"
  Assets:US:BofA:Checking                         1350.60 USD   
  Assets:US:Vanguard:Cash                         1200.00 USD   
  Income:US:Hoogle:Salary                        -4615.38 USD   
  Income:US:Hoogle:GroupTermLife                   -24.32 USD   
  Expenses:Health:Life:GroupTermLife                24.32 USD   
  Expenses:Health:Dental:Insurance                   2.90 USD   
  Expenses:Health:Medical:Insurance                 27.38 USD   
  Expenses:Health:Vision:Insurance                  42.30 USD   
  Expenses:Taxes:Y2020:US:Medicare                 106.62 USD   
  Expenses:Taxes:Y2020:US:Federal                 1062.92 USD   
  Expenses:Taxes:Y2020:US:State                    365.08 USD   
  Expenses:Taxes:Y2020:US:CityNYC                  174.92 USD   
  Expenses:Taxes:Y2020:US:SDI                        1.12 USD   
  Expenses:Taxes:Y2020:US:SocSec                   281.54 USD   
  Assets:US:Federal:PreTax401k                   -1200.00 IRAUSD
  Expenses:Taxes:Y2020:US:Federal:PreTax401k      1200.00 IRAUSD
  Assets:US:Hoogle:Vacation                             5 VACHR 
  Income:US:Hoogle:Vacation                            -5 VACHR 

2020-06-18 * "Hoogle" "Payroll"
  Assets:US:BofA:Checking                         1350.60 USD   
  Assets:US:Vanguard:Cash                         1200.00 USD   
  Income:US:Hoogle:Salary                        -4615.38 USD   
  Income:US:Hoogle:GroupTermLife                   -24.32 USD   
  Expenses:Health:Life:GroupTermLife                24.32 USD   
  Expenses:Health:Dental:Insurance                   2.90 USD   
  Expenses:Health:Medical:Insurance                 27.38 USD   
  Expenses:Health:Vision:Insurance                  42.30 USD   
  Expenses:Taxes:Y2020:US:Medicare                 106.62 USD   
  Expenses:Taxes:Y2020:US:Federal                 1062.92 USD   
  Expenses:Taxes:Y2020:US:State                    365.08 USD   
  Expenses:Taxes:Y2020:US:CityNYC                  174.92 USD   
  Expenses:Taxes:Y2020:US:SDI                        1.12 USD   
  Expenses:Taxes:Y2020:US:SocSec                   281.54 USD   
  Assets:US:Federal:PreTax401k                   -1200.00 IRAUSD
  Expenses:Taxes:Y2020:US:Federal:PreTax401k      1200.00 IRAUSD
  Assets:US:Hoogle:Vacation                             5 VACHR 
  Income:US:Hoogle:Vacation                            -5 VACHR 

2020-07-02 * "Hoogle" "Payroll"
  Assets:US:BofA:Checking                         1350.60 USD   
  Assets:US:Vanguard:Cash                         1200.00 USD   
  Income:US:Hoogle:Salary                        -4615.38 USD   
  Income:US:Hoogle:GroupTermLife                   -24.32 USD   
  Expenses:Health:Life:GroupTermLife                24.32 USD   
  Expenses:Health:Dental:Insurance                   2.90 USD   
  Expenses:Health:Medical:Insurance                 27.38 USD   
  Expenses:Health:Vision:Insurance                  42.30 USD   
  Expenses:Taxes:Y2020:US:Medicare                 106.62 USD   
  Expenses:Taxes:Y2020:US:Federal                 1062.92 USD   
  Expenses:Taxes:Y2020:US:State                    365.08 USD   
  Expenses:Taxes:Y2020:US:CityNYC                  174.92 USD   
  Expenses:Taxes:Y2020:US:SDI                        1.12 USD   
  Expenses:Taxes:Y2020:US:SocSec                   281.54 USD   
  Assets:US:Federal:PreTax401k                   -1200.00 IRAUSD
  Expenses:Taxes:Y2020:US:Federal:PreTax401k      1200.00 IRAUSD
  Assets:US:Hoogle:Vacation                             5 VACHR 
  Income:US:Hoogle:Vacation                            -5 VACHR 

2020-07-16 * "Hoogle" "Payroll"
  Assets:US:BofA:Checking                         1350.60 USD   
  Assets:US:Vanguard:Cash                         1200.00 USD   
  Income:US:Hoogle:Salary                        -4615.38 USD   
  Income:US:Hoogle:GroupTermLife                   -24.32 USD   
  Expenses:Health:Life:GroupTermLife                24.32 USD   
  Expenses:Health:Dental:Insurance                   2.90 USD   
  Expenses:Health:Medical:Insurance                 27.38 USD   
  Expenses:Health:Vision:Insurance                  42.30 USD   
  Expenses:Taxes:Y2020:US:Medicare                 106.62 USD   
  Expenses:Taxes:Y2020:US:Federal                 1062.92 USD   
  Expenses:Taxes:Y2020:US:State                    365.08 USD   
  Expenses:Taxes:Y2020:US:CityNYC                  174.92 USD   
  Expenses:Taxes:Y2020:US:SDI                        1.12 USD   
  Expenses:Taxes:Y2020:US:SocSec                   281.54 USD   
  Assets:US:Federal:PreTax401k                   -1200.00 IRAUSD
  Expenses:Taxes:Y2020:US:Federal:PreTax401k      1200.00 IRAUSD
  Assets:US:Hoogle:Vacation                             5 VACHR 
  Income:US:Hoogle:Vacation                            -5 VACHR 

2020-07-30 * "Hoogle" "Payroll"
  Assets:US:BofA:Checking                         2050.60 USD   
  Assets:US:Vanguard:Cash                          500.00 USD   
  Income:US:Hoogle:Salary                        -4615.38 USD   
  Income:US:Hoogle:GroupTermLife                   -24.32 USD   
  Expenses:Health:Life:GroupTermLife                24.32 USD   
  Expenses:Health:Dental:Insurance                   2.90 USD   
  Expenses:Health:Medical:Insurance                 27.38 USD   
  Expenses:Health:Vision:Insurance                  42.30 USD   
  Expenses:Taxes:Y2020:US:Medicare                 106.62 USD   
  Expenses:Taxes:Y2020:US:Federal                 1062.92 USD   
  Expenses:Taxes:Y2020:US:State                    365.08 USD   
  Expenses:Taxes:Y2020:US:CityNYC                  174.92 USD   
  Expenses:Taxes:Y2020:US:SDI                        1.12 USD   
  Expenses:Taxes:Y2020:US:SocSec                   281.54 USD   
  Assets:US:Federal:PreTax401k                    -500.00 IRAUSD
  Expenses:Taxes:Y2020:US:Federal:PreTax401k       500.00 IRAUSD
  Assets:US:Hoogle:Vacation                             5 VACHR 
  Income:US:Hoogle:Vacation                            -5 VACHR 

2020-08-13 * "Hoogle" "Payroll"
  Assets:US:BofA:Checking                         2550.60 USD   
  Income:US:Hoogle:Salary                        -4615.38 USD   
  Income:US:Hoogle:GroupTermLife                   -24.32 USD   
  Expenses:Health:Life:GroupTermLife                24.32 USD   
  Expenses:Health:Dental:Insurance                   2.90 USD   
  Expenses:Health:Medical:Insurance                 27.38 USD   
  Expenses:Health:Vision:Insurance                  42.30 USD   
  Expenses:Taxes:Y2020:US:Medicare                 106.62 USD   
  Expenses:Taxes:Y2020:US:Federal                 1062.92 USD   
  Expenses:Taxes:Y2020:US:State                    365.08 USD   
  Expenses:Taxes:Y2020:US:CityNYC                  174.92 USD   
  Expenses:Taxes:Y2020:US:SDI                        1.12 USD   
  Expenses:Taxes:Y2020:US:SocSec                   281.54 USD   
  Assets:US:Federal:PreTax401k                       0.00 IRAUSD
  Assets:US:Hoogle:Vacation                             5 VACHR 
  Income:US:Hoogle:Vacation                            -5 VACHR 

2020-08-27 * "Hoogle" "Payroll"
  Assets:US:BofA:Checking                         2550.60 USD   
  Income:US:Hoogle:Salary                        -4615.38 USD   
  Income:US:Hoogle:GroupTermLife                   -24.32 USD   
  Expenses:Health:Life:GroupTermLife                24.32 USD   
  Expenses:Health:Dental:Insurance                   2.90 USD   
  Expenses:Health:Medical:Insurance                 27.38 USD   
  Expenses:Health:Vision:Insurance                  42.30 USD   
  Expenses:Taxes:Y2020:US:Medicare                 106.62 USD   
  Expenses:Taxes:Y2020:US:Federal                 1062.92 USD   
  Expenses:Taxes:Y2020:US:State                    365.08 USD   
  Expenses:Taxes:Y2020:US:CityNYC                  174.92 USD   
  Expenses:Taxes:Y2020:US:SDI                        1.12 USD   
  Expenses:Taxes:Y2020:US:SocSec                   281.54 USD   
  Assets:US:Federal:PreTax401k                       0.00 IRAUSD
  Assets:US:Hoogle:Vacation                             5 VACHR 
  Income:US:Hoogle:Vacation                            -5 VACHR 

2020-09-10 * "Hoogle" "Payroll"
  Assets:US:BofA:Checking                         2550.60 USD   
  Income:US:Hoogle:Salary                        -4615.38 USD   
  Income:US:Hoogle:GroupTermLife                   -24.32 USD   
  Expenses:Health:Life:GroupTermLife                24.32 USD   
  Expenses:Health:Dental:Insurance                   2.90 USD   
  Expenses:Health:Medical:Insurance                 27.38 USD   
  Expenses:Health:Vision:Insurance                  42.30 USD   
  Expenses:Taxes:Y2020:US:Medicare                 106.62 USD   
  Expenses:Taxes:Y2020:US:Federal                 1062.92 USD   
  Expenses:Taxes:Y2020:US:State                    365.08 USD   
  Expenses:Taxes:Y2020:US:CityNYC                  174.92 USD   
  Expenses:Taxes:Y2020:US:SDI                        1.12 USD   
  Expenses:Taxes:Y2020:US:SocSec                   281.54 USD   
  Assets:US:Federal:PreTax401k                       0.00 IRAUSD
  Assets:US:Hoogle:Vacation                             5 VACHR 
  Income:US:Hoogle:Vacation                            -5 VACHR 

2020-09-24 * "Hoogle" "Payroll"
  Assets:US:BofA:Checking                         2550.60 USD   
  Income:US:Hoogle:Salary                        -4615.38 USD   
  Income:US:Hoogle:GroupTermLife                   -24.32 USD   
  Expenses:Health:Life:GroupTermLife                24.32 USD   
  Expenses:Health:Dental:Insurance                   2.90 USD   
  Expenses:Health:Medical:Insurance                 27.38 USD   
  Expenses:Health:Vision:Insurance                  42.30 USD   
  Expenses:Taxes:Y2020:US:Medicare                 106.62 USD   
  Expenses:Taxes:Y2020:US:Federal                 1062.92 USD   
  Expenses:Taxes:Y2020:US:State                    365.08 USD   
  Expenses:Taxes:Y2020:US:CityNYC                  174.92 USD   
  Expenses:Taxes:Y2020:US:SDI                        1.12 USD   
  Expenses:Taxes:Y2020:US:SocSec                   281.54 USD   
  Assets:US:Federal:PreTax401k                       0.00 IRAUSD
  Assets:US:Hoogle:Vacation                             5 VACHR 
  Income:US:Hoogle:Vacation                            -5 VACHR 

2020-10-08 * "Hoogle" "Payroll"
  Assets:US:BofA:Checking                         2550.60 USD   
  Income:US:Hoogle:Salary                        -4615.38 USD   
  Income:US:Hoogle:GroupTermLife                   -24.32 USD   
  Expenses:Health:Life:GroupTermLife                24.32 USD   
  Expenses:Health:Dental:Insurance                   2.90 USD   
  Expenses:Health:Medical:Insurance                 27.38 USD   
  Expenses:Health:Vision:Insurance                  42.30 USD   
  Expenses:Taxes:Y2020:US:Medicare                 106.62 USD   
  Expenses:Taxes:Y2020:US:Federal                 1062.92 USD   
  Expenses:Taxes:Y2020:US:State                    365.08 USD   
  Expenses:Taxes:Y2020:US:CityNYC                  174.92 USD   
  Expenses:Taxes:Y2020:US:SDI                        1.12 USD   
  Expenses:Taxes:Y2020:US:SocSec                   281.54 USD   
  Assets:US:Federal:PreTax401k                       0.00 IRAUSD
  Assets:US:Hoogle:Vacation                             5 VACHR 
  Income:US:Hoogle:Vacation                            -5 VACHR 



* Taxes

1980-05-12 open Income:US:Federal:PreTax401k                    IRAUSD
1980-05-12 open Assets:US:Federal:PreTax401k                    IRAUSD



** Tax Year 2018

2018-01-01 open Expenses:Taxes:Y2018:US:Federal:PreTax401k      IRAUSD
2018-01-01 open Expenses:Taxes:Y2018:US:Medicare                USD
2018-01-01 open Expenses:Taxes:Y2018:US:Federal                 USD
2018-01-01 open Expenses:Taxes:Y2018:US:CityNYC                 USD
2018-01-01 open Expenses:Taxes:Y2018:US:SDI                     USD
2018-01-01 open Expenses:Taxes:Y2018:US:State                   USD
2018-01-01 open Expenses:Taxes:Y2018:US:SocSec                  USD

2018-01-01 balance Assets:US:Federal:PreTax401k         0 IRAUSD

2018-01-01 * "Allowed contributions for one year"
  Income:US:Federal:PreTax401k                     -18500 IRAUSD
  Assets:US:Federal:PreTax401k                      18500 IRAUSD

2019-03-22 * "Filing taxes for 2018"
  Expenses:Taxes:Y2018:US:Federal                  478.70 USD
  Expenses:Taxes:Y2018:US:State                    295.99 USD
  Liabilities:AccountsPayable                     -774.69 USD

2019-03-24 * "FEDERAL TAXPYMT"
  Assets:US:BofA:Checking                         -478.70 USD
  Liabilities:AccountsPayable                      478.70 USD

2019-03-24 * "STATE TAX & FINANC PYMT"
  Assets:US:BofA:Checking                         -295.99 USD
  Liabilities:AccountsPayable                      295.99 USD



** Tax Year 2019

2019-01-01 open Expenses:Taxes:Y2019:US:Federal:PreTax401k      IRAUSD
2019-01-01 open Expenses:Taxes:Y2019:US:Medicare                USD
2019-01-01 open Expenses:Taxes:Y2019:US:Federal                 USD
2019-01-01 open Expenses:Taxes:Y2019:US:CityNYC                 USD
2019-01-01 open Expenses:Taxes:Y2019:US:SDI                     USD
2019-01-01 open Expenses:Taxes:Y2019:US:State                   USD
2019-01-01 open Expenses:Taxes:Y2019:US:SocSec                  USD

2019-01-01 balance Assets:US:Federal:PreTax401k         0 IRAUSD

2019-01-01 * "Allowed contributions for one year"
  Income:US:Federal:PreTax401k                     -18500 IRAUSD
  Assets:US:Federal:PreTax401k                      18500 IRAUSD

2020-03-23 * "Filing taxes for 2019"
  Expenses:Taxes:Y2019:US:Federal                  556.40 USD
  Expenses:Taxes:Y2019:US:State                    198.64 USD
  Liabilities:AccountsPayable                     -755.04 USD

2020-03-24 * "FEDERAL TAXPYMT"
  Assets:US:BofA:Checking                         -556.40 USD
  Liabilities:AccountsPayable                      556.40 USD

2020-03-27 * "STATE TAX & FINANC PYMT"
  Assets:US:BofA:Checking                         -198.64 USD
  Liabilities:AccountsPayable                      198.64 USD



** Tax Year 2020

2020-01-01 open Expenses:Taxes:Y2020:US:Federal:PreTax401k      IRAUSD
2020-01-01 open Expenses:Taxes:Y2020:US:Medicare                USD
2020-01-01 open Expenses:Taxes:Y2020:US:Federal                 USD
2020-01-01 open Expenses:Taxes:Y2020:US:CityNYC                 USD
2020-01-01 open Expenses:Taxes:Y2020:US:SDI                     USD
2020-01-01 open Expenses:Taxes:Y2020:US:State                   USD
2020-01-01 open Expenses:Taxes:Y2020:US:SocSec                  USD

2020-01-01 balance Assets:US:Federal:PreTax401k         0 IRAUSD

2020-01-01 * "Allowed contributions for one year"
  Income:US:Federal:PreTax401k                     -18500 IRAUSD
  Assets:US:Federal:PreTax401k                      18500 IRAUSD



* Expenses

1980-05-12 open Expenses:Food:Groceries
1980-05-12 open Expenses:Food:Restaurant
1980-05-12 open Expenses:Food:Coffee
1980-05-12 open Expenses:Food:Alcohol
1980-05-12 open Expenses:Transport:Tram
1980-05-12 open Expenses:Home:Rent
1980-05-12 open Expenses:Home:Electricity
1980-05-12 open Expenses:Home:Internet
1980-05-12 open Expenses:Home:Phone
1980-05-12 open Expenses:Financial:Fees
1980-05-12 open Expenses:Financial:Commissions



* Prices

2018-01-05 price VBMPX                             175.36 USD
2018-01-05 price RGAGX                             195.02 USD
2018-01-05 price ITOT                              181.99 USD
2018-01-05 price VEA                                62.94 USD
2018-01-05 price VHT                               173.80 USD
2018-01-05 price GLD                                57.75 USD
2018-01-12 price VBMPX                             177.49 USD
2018-01-12 price RGAGX                             194.58 USD
2018-01-12 price ITOT                              182.07 USD
2018-01-12 price VEA                                63.11 USD
2018-01-12 price VHT                               171.88 USD
2018-01-12 price GLD                                57.84 USD
2018-01-19 price VBMPX                             179.53 USD
2018-01-19 price RGAGX                             197.49 USD
2018-01-19 price ITOT                              181.23 USD
2018-01-19 price VEA                                63.30 USD
2018-01-19 price VHT                               174.35 USD
2018-01-19 price GLD                                59.10 USD
2018-01-26 price VBMPX                             179.93 USD
2018-01-26 price RGAGX                             195.59 USD
2018-01-26 price ITOT                              180.62 USD
2018-01-26 price VEA                                62.93 USD
2018-01-26 price VHT                               176.78 USD
2018-01-26 price GLD                                58.61 USD
2018-02-02 price VBMPX                             180.92 USD
2018-02-02 price RGAGX                             194.02 USD
2018-02-02 price ITOT                              181.12 USD
2018-02-02 price VEA                                62.05 USD
2018-02-02 price VHT                               176.93 USD
2018-02-02 price GLD                                56.83 USD
2018-02-09 price VBMPX                             176.22 USD
2018-02-09 price RGAGX                             195.11 USD
2018-02-09 price ITOT                              180.72 USD
2018-02-09 price VEA                                62.73 USD
2018-02-09 price VHT                               174.39 USD
2018-02-09 price GLD                                58.70 USD
2018-02-16 price VBMPX                             177.34 USD
2018-02-16 price RGAGX                             194.30 USD
2018-02-16 price ITOT                              182.09 USD
2018-02-16 price VEA                                63.28 USD
2018-02-16 price VHT                               173.41 USD
2018-02-16 price GLD                                58.15 USD
2018-02-23 price VBMPX                             178.50 USD
2018-02-23 price RGAGX                             192.35 USD
2018-02-23 price ITOT                              183.89 USD
2018-02-23 price VEA                                63.82 USD
2018-02-23 price VHT                               178.24 USD
2018-02-23 price GLD                                58.79 USD
2018-03-02 price VBMPX                             178.29 USD
2018-03-02 price RGAGX                             189.99 USD
2018-03-02 price ITOT                              182.58 USD
2018-03-02 price VEA                                63.82 USD
2018-03-02 price VHT                               178.58 USD
2018-03-02 price GLD                                59.52 USD
2018-03-09 price VBMPX                             181.12 USD
2018-03-09 price RGAGX                             192.17 USD
2018-03-09 price ITOT                              185.32 USD
2018-03-09 price VEA                                64.11 USD
2018-03-09 price VHT                               185.46 USD
2018-03-09 price GLD                                58.70 USD
2018-03-16 price VBMPX                             178.53 USD
2018-03-16 price RGAGX                             188.89 USD
2018-03-16 price ITOT                              184.54 USD
2018-03-16 price VEA                                64.41 USD
2018-03-16 price VHT                               188.51 USD
2018-03-16 price GLD                                57.10 USD
2018-03-23 price VBMPX                             176.74 USD
2018-03-23 price RGAGX                             193.89 USD
2018-03-23 price ITOT                              184.64 USD
2018-03-23 price VEA                                65.24 USD
2018-03-23 price VHT                               190.40 USD
2018-03-23 price GLD                                58.69 USD
2018-03-30 price VBMPX                             177.54 USD
2018-03-30 price RGAGX                             194.12 USD
2018-03-30 price ITOT                              183.84 USD
2018-03-30 price VEA                                65.70 USD
2018-03-30 price VHT                               192.20 USD
2018-03-30 price GLD                                59.50 USD
2018-04-06 price VBMPX                             176.70 USD
2018-04-06 price RGAGX                             195.03 USD
2018-04-06 price ITOT                              183.79 USD
2018-04-06 price VEA                                65.87 USD
2018-04-06 price VHT                               196.56 USD
2018-04-06 price GLD                                59.43 USD
2018-04-13 price VBMPX                             173.89 USD
2018-04-13 price RGAGX                             197.77 USD
2018-04-13 price ITOT                              183.15 USD
2018-04-13 price VEA                                65.58 USD
2018-04-13 price VHT                               197.27 USD
2018-04-13 price GLD                                61.32 USD
2018-04-20 price VBMPX                             177.08 USD
2018-04-20 price RGAGX                             199.95 USD
2018-04-20 price ITOT                              181.32 USD
2018-04-20 price VEA                                66.10 USD
2018-04-20 price VHT                               198.73 USD
2018-04-20 price GLD                                59.21 USD
2018-04-27 price VBMPX                             176.74 USD
2018-04-27 price RGAGX                             202.64 USD
2018-04-27 price ITOT                              182.15 USD
2018-04-27 price VEA                                66.88 USD
2018-04-27 price VHT                               199.18 USD
2018-04-27 price GLD                                61.10 USD
2018-05-04 price VBMPX                             180.04 USD
2018-05-04 price RGAGX                             203.46 USD
2018-05-04 price ITOT                              181.31 USD
2018-05-04 price VEA                                67.25 USD
2018-05-04 price VHT                               197.02 USD
2018-05-04 price GLD                                62.84 USD
2018-05-11 price VBMPX                             181.29 USD
2018-05-11 price RGAGX                             206.14 USD
2018-05-11 price ITOT                              180.62 USD
2018-05-11 price VEA                                67.32 USD
2018-05-11 price VHT                               198.84 USD
2018-05-11 price GLD                                63.41 USD
2018-05-18 price VBMPX                             180.53 USD
2018-05-18 price RGAGX                             202.21 USD
2018-05-18 price ITOT                              180.42 USD
2018-05-18 price VEA                                66.88 USD
2018-05-18 price VHT                               199.07 USD
2018-05-18 price GLD                                62.79 USD
2018-05-25 price VBMPX                             182.12 USD
2018-05-25 price RGAGX                             204.81 USD
2018-05-25 price ITOT                              180.55 USD
2018-05-25 price VEA                                67.16 USD
2018-05-25 price VHT                               198.83 USD
2018-05-25 price GLD                                62.17 USD
2018-06-01 price VBMPX                             179.15 USD
2018-06-01 price RGAGX                             206.92 USD
2018-06-01 price ITOT                              180.35 USD
2018-06-01 price VEA                                67.22 USD
2018-06-01 price VHT                               196.72 USD
2018-06-01 price GLD                                62.19 USD
2018-06-08 price VBMPX                             181.08 USD
2018-06-08 price RGAGX                             208.00 USD
2018-06-08 price ITOT                              180.21 USD
2018-06-08 price VEA                                66.99 USD
2018-06-08 price VHT                               196.52 USD
2018-06-08 price GLD                                61.21 USD
2018-06-15 price VBMPX                             182.63 USD
2018-06-15 price RGAGX                             207.39 USD
2018-06-15 price ITOT                              179.49 USD
2018-06-15 price VEA                                67.50 USD
2018-06-15 price VHT                               195.61 USD
2018-06-15 price GLD                                61.69 USD
2018-06-22 price VBMPX                             181.61 USD
2018-06-22 price RGAGX                             206.85 USD
2018-06-22 price ITOT                              177.34 USD
2018-06-22 price VEA                                68.53 USD
2018-06-22 price VHT                               191.52 USD
2018-06-22 price GLD                                60.79 USD
2018-06-29 price VBMPX                             181.45 USD
2018-06-29 price RGAGX                             208.19 USD
2018-06-29 price ITOT                              178.41 USD
2018-06-29 price VEA                                69.44 USD
2018-06-29 price VHT                               191.40 USD
2018-06-29 price GLD                                61.87 USD
2018-07-06 price VBMPX                             182.94 USD
2018-07-06 price RGAGX                             206.90 USD
2018-07-06 price ITOT                              176.46 USD
2018-07-06 price VEA                                68.82 USD
2018-07-06 price VHT                               188.58 USD
2018-07-06 price GLD                                58.84 USD
2018-07-13 price VBMPX                             180.20 USD
2018-07-13 price RGAGX                             209.08 USD
2018-07-13 price ITOT                              176.14 USD
2018-07-13 price VEA                                68.62 USD
2018-07-13 price VHT                               192.04 USD
2018-07-13 price GLD                                60.01 USD
2018-07-20 price VBMPX                             181.53 USD
2018-07-20 price RGAGX                             207.96 USD
2018-07-20 price ITOT                              174.02 USD
2018-07-20 price VEA                                69.09 USD
2018-07-20 price VHT                               190.64 USD
2018-07-20 price GLD                                58.71 USD
2018-07-27 price VBMPX                             179.49 USD
2018-07-27 price RGAGX                             208.25 USD
2018-07-27 price ITOT                              175.92 USD
2018-07-27 price VEA                                68.89 USD
2018-07-27 price VHT                               192.15 USD
2018-07-27 price GLD                                57.62 USD
2018-08-03 price VBMPX                             175.57 USD
2018-08-03 price RGAGX                             210.05 USD
2018-08-03 price ITOT                              174.42 USD
2018-08-03 price VEA                                68.57 USD
2018-08-03 price VHT                               192.68 USD
2018-08-03 price GLD                                55.93 USD
2018-08-10 price VBMPX                             175.31 USD
2018-08-10 price RGAGX                             211.16 USD
2018-08-10 price ITOT                              175.54 USD
2018-08-10 price VEA                                68.08 USD
2018-08-10 price VHT                               193.51 USD
2018-08-10 price GLD                                55.46 USD
2018-08-17 price VBMPX                             174.36 USD
2018-08-17 price RGAGX                             209.18 USD
2018-08-17 price ITOT                              174.51 USD
2018-08-17 price VEA                                68.56 USD
2018-08-17 price VHT                               189.23 USD
2018-08-17 price GLD                                55.81 USD
2018-08-24 price VBMPX                             174.06 USD
2018-08-24 price RGAGX                             209.31 USD
2018-08-24 price ITOT                              175.24 USD
2018-08-24 price VEA                                68.06 USD
2018-08-24 price VHT                               190.45 USD
2018-08-24 price GLD                                53.83 USD
2018-08-31 price VBMPX                             173.52 USD
2018-08-31 price RGAGX                             208.70 USD
2018-08-31 price ITOT                              173.80 USD
2018-08-31 price VEA                                68.52 USD
2018-08-31 price VHT                               190.06 USD
2018-08-31 price GLD                                54.21 USD
2018-09-07 price VBMPX                             175.86 USD
2018-09-07 price RGAGX                             207.72 USD
2018-09-07 price ITOT                              176.81 USD
2018-09-07 price VEA                                68.51 USD
2018-09-07 price VHT                               189.61 USD
2018-09-07 price GLD                                53.75 USD
2018-09-14 price VBMPX                             176.94 USD
2018-09-14 price RGAGX                             206.16 USD
2018-09-14 price ITOT                              176.82 USD
2018-09-14 price VEA                                68.71 USD
2018-09-14 price VHT                               193.79 USD
2018-09-14 price GLD                                54.20 USD
2018-09-21 price VBMPX                             177.13 USD
2018-09-21 price RGAGX                             208.26 USD
2018-09-21 price ITOT                              178.10 USD
2018-09-21 price VEA                                68.03 USD
2018-09-21 price VHT                               195.01 USD
2018-09-21 price GLD                                55.19 USD
2018-09-28 price VBMPX                             177.97 USD
2018-09-28 price RGAGX                             207.58 USD
2018-09-28 price ITOT                              176.84 USD
2018-09-28 price VEA                                68.49 USD
2018-09-28 price VHT                               199.88 USD
2018-09-28 price GLD                                54.66 USD
2018-10-05 price VBMPX                             176.56 USD
2018-10-05 price RGAGX                             212.22 USD
2018-10-05 price ITOT                              177.51 USD
2018-10-05 price VEA                                68.97 USD
2018-10-05 price VHT                               202.71 USD
2018-10-05 price GLD                                54.14 USD
2018-10-12 price VBMPX                             179.87 USD
2018-10-12 price RGAGX                             210.89 USD
2018-10-12 price ITOT                              175.50 USD
2018-10-12 price VEA                                69.78 USD
2018-10-12 price VHT                               201.26 USD
2018-10-12 price GLD                                52.93 USD
2018-10-19 price VBMPX                             180.50 USD
2018-10-19 price RGAGX                             212.62 USD
2018-10-19 price ITOT                              176.29 USD
2018-10-19 price VEA                                70.17 USD
2018-10-19 price VHT                               202.92 USD
2018-10-19 price GLD                                52.62 USD
2018-10-26 price VBMPX                             180.96 USD
2018-10-26 price RGAGX                             217.82 USD
2018-10-26 price ITOT                              177.62 USD
2018-10-26 price VEA                                70.32 USD
2018-10-26 price VHT                               205.44 USD
2018-10-26 price GLD                                53.47 USD
2018-11-02 price VBMPX                             179.07 USD
2018-11-02 price RGAGX                             215.85 USD
2018-11-02 price ITOT                              176.22 USD
2018-11-02 price VEA                                68.58 USD
2018-11-02 price VHT                               207.00 USD
2018-11-02 price GLD                                54.88 USD
2018-11-09 price VBMPX                             181.93 USD
2018-11-09 price RGAGX                             214.52 USD
2018-11-09 price ITOT                              174.70 USD
2018-11-09 price VEA                                69.06 USD
2018-11-09 price VHT                               210.77 USD
2018-11-09 price GLD                                55.28 USD
2018-11-16 price VBMPX                             179.07 USD
2018-11-16 price RGAGX                             215.02 USD
2018-11-16 price ITOT                              174.60 USD
2018-11-16 price VEA                                69.05 USD
2018-11-16 price VHT                               212.90 USD
2018-11-16 price GLD                                56.36 USD
2018-11-23 price VBMPX                             181.73 USD
2018-11-23 price RGAGX                             212.94 USD
2018-11-23 price ITOT                              175.67 USD
2018-11-23 price VEA                                68.75 USD
2018-11-23 price VHT                               212.47 USD
2018-11-23 price GLD                                55.17 USD
2018-11-30 price VBMPX                             184.13 USD
2018-11-30 price RGAGX                             214.15 USD
2018-11-30 price ITOT                              174.98 USD
2018-11-30 price VEA                                68.97 USD
2018-11-30 price VHT                               214.18 USD
2018-11-30 price GLD                                53.84 USD
2018-12-07 price VBMPX                             183.31 USD
2018-12-07 price RGAGX                             214.90 USD
2018-12-07 price ITOT                              173.46 USD
2018-12-07 price VEA                                70.11 USD
2018-12-07 price VHT                               212.86 USD
2018-12-07 price GLD                                55.80 USD
2018-12-14 price VBMPX                             182.25 USD
2018-12-14 price RGAGX                             217.45 USD
2018-12-14 price ITOT                              174.86 USD
2018-12-14 price VEA                                71.40 USD
2018-12-14 price VHT                               210.99 USD
2018-12-14 price GLD                                55.39 USD
2018-12-21 price VBMPX                             183.51 USD
2018-12-21 price RGAGX                             212.21 USD
2018-12-21 price ITOT                              174.50 USD
2018-12-21 price VEA                                71.56 USD
2018-12-21 price VHT                               208.87 USD
2018-12-21 price GLD                                54.09 USD
2018-12-28 price VBMPX                             183.49 USD
2018-12-28 price RGAGX                             210.70 USD
2018-12-28 price ITOT                              174.36 USD
2018-12-28 price VEA                                71.59 USD
2018-12-28 price VHT                               209.85 USD
2018-12-28 price GLD                                54.16 USD
2019-01-04 price VBMPX                             178.96 USD
2019-01-04 price RGAGX                             207.59 USD
2019-01-04 price ITOT                              175.50 USD
2019-01-04 price VEA                                72.19 USD
2019-01-04 price VHT                               211.91 USD
2019-01-04 price GLD                                54.01 USD
2019-01-11 price VBMPX                             173.47 USD
2019-01-11 price RGAGX                             209.95 USD
2019-01-11 price ITOT                              176.04 USD
2019-01-11 price VEA                                73.24 USD
2019-01-11 price VHT                               213.69 USD
2019-01-11 price GLD                                54.38 USD
2019-01-18 price VBMPX                             177.01 USD
2019-01-18 price RGAGX                             210.67 USD
2019-01-18 price ITOT                              175.01 USD
2019-01-18 price VEA                                72.57 USD
2019-01-18 price VHT                               211.60 USD
2019-01-18 price GLD                                55.22 USD
2019-01-25 price VBMPX                             175.64 USD
2019-01-25 price RGAGX                             212.66 USD
2019-01-25 price ITOT                              177.18 USD
2019-01-25 price VEA                                73.67 USD
2019-01-25 price VHT                               214.40 USD
2019-01-25 price GLD                                54.63 USD
2019-02-01 price VBMPX                             179.65 USD
2019-02-01 price RGAGX                             211.73 USD
2019-02-01 price ITOT                              178.00 USD
2019-02-01 price VEA                                74.83 USD
2019-02-01 price VHT                               211.98 USD
2019-02-01 price GLD                                54.41 USD
2019-02-08 price VBMPX                             181.30 USD
2019-02-08 price RGAGX                             211.56 USD
2019-02-08 price ITOT                              177.91 USD
2019-02-08 price VEA                                73.82 USD
2019-02-08 price VHT                               216.61 USD
2019-02-08 price GLD                                55.91 USD
2019-02-15 price VBMPX                             180.34 USD
2019-02-15 price RGAGX                             211.91 USD
2019-02-15 price ITOT                              177.45 USD
2019-02-15 price VEA                                73.96 USD
2019-02-15 price VHT                               215.05 USD
2019-02-15 price GLD                                55.08 USD
2019-02-22 price VBMPX                             182.26 USD
2019-02-22 price RGAGX                             212.48 USD
2019-02-22 price ITOT                              176.18 USD
2019-02-22 price VEA                                74.80 USD
2019-02-22 price VHT                               218.83 USD
2019-02-22 price GLD                                56.21 USD
2019-03-01 price VBMPX                             180.88 USD
2019-03-01 price RGAGX                             212.09 USD
2019-03-01 price ITOT                              175.59 USD
2019-03-01 price VEA                                73.82 USD
2019-03-01 price VHT                               222.41 USD
2019-03-01 price GLD                                56.94 USD
2019-03-08 price VBMPX                             183.62 USD
2019-03-08 price RGAGX                             213.19 USD
2019-03-08 price ITOT                              176.07 USD
2019-03-08 price VEA                                73.70 USD
2019-03-08 price VHT                               223.46 USD
2019-03-08 price GLD                                57.92 USD
2019-03-15 price VBMPX                             183.78 USD
2019-03-15 price RGAGX                             214.77 USD
2019-03-15 price ITOT                              178.98 USD
2019-03-15 price VEA                                73.78 USD
2019-03-15 price VHT                               229.14 USD
2019-03-15 price GLD                                58.56 USD
2019-03-22 price VBMPX                             185.24 USD
2019-03-22 price RGAGX                             215.26 USD
2019-03-22 price ITOT                              179.14 USD
2019-03-22 price VEA                                74.34 USD
2019-03-22 price VHT                               228.74 USD
2019-03-22 price GLD                                59.47 USD
2019-03-29 price VBMPX                             187.96 USD
2019-03-29 price RGAGX                             216.78 USD
2019-03-29 price ITOT                              180.51 USD
2019-03-29 price VEA                                74.97 USD
2019-03-29 price VHT                               227.94 USD
2019-03-29 price GLD                                58.34 USD
2019-04-05 price VBMPX                             186.93 USD
2019-04-05 price RGAGX                             214.62 USD
2019-04-05 price ITOT                              181.07 USD
2019-04-05 price VEA                                75.35 USD
2019-04-05 price VHT                               228.74 USD
2019-04-05 price GLD                                59.39 USD
2019-04-12 price VBMPX                             184.95 USD
2019-04-12 price RGAGX                             214.86 USD
2019-04-12 price ITOT                              181.41 USD
2019-04-12 price VEA                                75.28 USD
2019-04-12 price VHT                               233.63 USD
2019-04-12 price GLD                                59.60 USD
2019-04-19 price VBMPX                             184.58 USD
2019-04-19 price RGAGX                             215.73 USD
2019-04-19 price ITOT                              180.76 USD
2019-04-19 price VEA                                75.33 USD
2019-04-19 price VHT                               236.42 USD
2019-04-19 price GLD                                60.76 USD
2019-04-26 price VBMPX                             184.94 USD
2019-04-26 price RGAGX                             218.25 USD
2019-04-26 price ITOT                              178.62 USD
2019-04-26 price VEA                                74.90 USD
2019-04-26 price VHT                               241.05 USD
2019-04-26 price GLD                                58.65 USD
2019-05-03 price VBMPX                             187.98 USD
2019-05-03 price RGAGX                             216.38 USD
2019-05-03 price ITOT                              178.23 USD
2019-05-03 price VEA                                74.03 USD
2019-05-03 price VHT                               241.48 USD
2019-05-03 price GLD                                56.76 USD
2019-05-10 price VBMPX                             187.96 USD
2019-05-10 price RGAGX                             216.06 USD
2019-05-10 price ITOT                              180.20 USD
2019-05-10 price VEA                                74.75 USD
2019-05-10 price VHT                               245.45 USD
2019-05-10 price GLD                                57.01 USD
2019-05-17 price VBMPX                             184.05 USD
2019-05-17 price RGAGX                             214.52 USD
2019-05-17 price ITOT                              180.73 USD
2019-05-17 price VEA                                75.11 USD
2019-05-17 price VHT                               251.91 USD
2019-05-17 price GLD                                56.18 USD
2019-05-24 price VBMPX                             182.23 USD
2019-05-24 price RGAGX                             214.98 USD
2019-05-24 price ITOT                              180.48 USD
2019-05-24 price VEA                                74.87 USD
2019-05-24 price VHT                               251.00 USD
2019-05-24 price GLD                                56.62 USD
2019-05-31 price VBMPX                             183.56 USD
2019-05-31 price RGAGX                             216.69 USD
2019-05-31 price ITOT                              179.48 USD
2019-05-31 price VEA                                76.28 USD
2019-05-31 price VHT                               248.54 USD
2019-05-31 price GLD                                56.04 USD
2019-06-07 price VBMPX                             178.75 USD
2019-06-07 price RGAGX                             219.22 USD
2019-06-07 price ITOT                              177.69 USD
2019-06-07 price VEA                                76.20 USD
2019-06-07 price VHT                               245.46 USD
2019-06-07 price GLD                                55.56 USD
2019-06-14 price VBMPX                             182.01 USD
2019-06-14 price RGAGX                             220.64 USD
2019-06-14 price ITOT                              177.31 USD
2019-06-14 price VEA                                76.14 USD
2019-06-14 price VHT                               247.15 USD
2019-06-14 price GLD                                54.61 USD
2019-06-21 price VBMPX                             182.01 USD
2019-06-21 price RGAGX                             221.35 USD
2019-06-21 price ITOT                              177.42 USD
2019-06-21 price VEA                                76.53 USD
2019-06-21 price VHT                               242.67 USD
2019-06-21 price GLD                                55.00 USD
2019-06-28 price VBMPX                             180.65 USD
2019-06-28 price RGAGX                             218.34 USD
2019-06-28 price ITOT                              178.18 USD
2019-06-28 price VEA                                77.41 USD
2019-06-28 price VHT                               240.82 USD
2019-06-28 price GLD                                56.58 USD
2019-07-05 price VBMPX                             178.80 USD
2019-07-05 price RGAGX                             219.58 USD
2019-07-05 price ITOT                              177.84 USD
2019-07-05 price VEA                                76.26 USD
2019-07-05 price VHT                               241.61 USD
2019-07-05 price GLD                                58.71 USD
2019-07-12 price VBMPX                             178.52 USD
2019-07-12 price RGAGX                             222.20 USD
2019-07-12 price ITOT                              178.38 USD
2019-07-12 price VEA                                76.45 USD
2019-07-12 price VHT                               240.68 USD
2019-07-12 price GLD                                58.42 USD
2019-07-19 price VBMPX                             181.01 USD
2019-07-19 price RGAGX                             220.57 USD
2019-07-19 price ITOT                              177.81 USD
2019-07-19 price VEA                                75.25 USD
2019-07-19 price VHT                               233.83 USD
2019-07-19 price GLD                                59.25 USD
2019-07-26 price VBMPX                             177.52 USD
2019-07-26 price RGAGX                             224.60 USD
2019-07-26 price ITOT                              180.38 USD
2019-07-26 price VEA                                74.35 USD
2019-07-26 price VHT                               233.65 USD
2019-07-26 price GLD                                59.54 USD
2019-08-02 price VBMPX                             181.56 USD
2019-08-02 price RGAGX                             222.15 USD
2019-08-02 price ITOT                              178.80 USD
2019-08-02 price VEA                                74.68 USD
2019-08-02 price VHT                               237.76 USD
2019-08-02 price GLD                                60.05 USD
2019-08-09 price VBMPX                             178.06 USD
2019-08-09 price RGAGX                             225.93 USD
2019-08-09 price ITOT                              178.04 USD
2019-08-09 price VEA                                73.70 USD
2019-08-09 price VHT                               240.04 USD
2019-08-09 price GLD                                59.70 USD
2019-08-16 price VBMPX                             179.17 USD
2019-08-16 price RGAGX                             226.20 USD
2019-08-16 price ITOT                              178.47 USD
2019-08-16 price VEA                                73.72 USD
2019-08-16 price VHT                               241.99 USD
2019-08-16 price GLD                                58.88 USD
2019-08-23 price VBMPX                             178.91 USD
2019-08-23 price RGAGX                             226.15 USD
2019-08-23 price ITOT                              174.92 USD
2019-08-23 price VEA                                73.18 USD
2019-08-23 price VHT                               241.24 USD
2019-08-23 price GLD                                59.44 USD
2019-08-30 price VBMPX                             176.43 USD
2019-08-30 price RGAGX                             222.60 USD
2019-08-30 price ITOT                              174.97 USD
2019-08-30 price VEA                                73.85 USD
2019-08-30 price VHT                               240.99 USD
2019-08-30 price GLD                                60.84 USD
2019-09-06 price VBMPX                             175.01 USD
2019-09-06 price RGAGX                             222.80 USD
2019-09-06 price ITOT                              173.60 USD
2019-09-06 price VEA                                73.92 USD
2019-09-06 price VHT                               245.49 USD
2019-09-06 price GLD                                62.20 USD
2019-09-13 price VBMPX                             173.97 USD
2019-09-13 price RGAGX                             223.13 USD
2019-09-13 price ITOT                              173.16 USD
2019-09-13 price VEA                                73.98 USD
2019-09-13 price VHT                               251.87 USD
2019-09-13 price GLD                                63.15 USD
2019-09-20 price VBMPX                             173.28 USD
2019-09-20 price RGAGX                             225.25 USD
2019-09-20 price ITOT                              173.03 USD
2019-09-20 price VEA                                74.52 USD
2019-09-20 price VHT                               253.16 USD
2019-09-20 price GLD                                64.47 USD
2019-09-27 price VBMPX                             175.07 USD
2019-09-27 price RGAGX                             225.04 USD
2019-09-27 price ITOT                              172.66 USD
2019-09-27 price VEA                                74.95 USD
2019-09-27 price VHT                               260.19 USD
2019-09-27 price GLD                                64.97 USD
2019-10-04 price VBMPX                             175.75 USD
2019-10-04 price RGAGX                             222.85 USD
2019-10-04 price ITOT                              172.11 USD
2019-10-04 price VEA                                74.49 USD
2019-10-04 price VHT                               257.21 USD
2019-10-04 price GLD                                67.54 USD
2019-10-11 price VBMPX                             173.94 USD
2019-10-11 price RGAGX                             228.51 USD
2019-10-11 price ITOT                              171.77 USD
2019-10-11 price VEA                                73.84 USD
2019-10-11 price VHT                               261.54 USD
2019-10-11 price GLD                                67.84 USD
2019-10-18 price VBMPX                             172.96 USD
2019-10-18 price RGAGX                             231.17 USD
2019-10-18 price ITOT                              172.23 USD
2019-10-18 price VEA                                74.24 USD
2019-10-18 price VHT                               261.82 USD
2019-10-18 price GLD                                68.58 USD
2019-10-25 price VBMPX                             174.16 USD
2019-10-25 price RGAGX                             233.33 USD
2019-10-25 price ITOT                              172.33 USD
2019-10-25 price VEA                                73.92 USD
2019-10-25 price VHT                               261.20 USD
2019-10-25 price GLD                                69.27 USD
2019-11-01 price VBMPX                             174.17 USD
2019-11-01 price RGAGX                             234.37 USD
2019-11-01 price ITOT                              171.99 USD
2019-11-01 price VEA                                72.61 USD
2019-11-01 price VHT                               261.96 USD
2019-11-01 price GLD                                70.31 USD
2019-11-08 price VBMPX                             173.66 USD
2019-11-08 price RGAGX                             232.78 USD
2019-11-08 price ITOT                              170.95 USD
2019-11-08 price VEA                                72.32 USD
2019-11-08 price VHT                               266.62 USD
2019-11-08 price GLD                                70.64 USD
2019-11-15 price VBMPX                             175.90 USD
2019-11-15 price RGAGX                             232.01 USD
2019-11-15 price ITOT                              170.59 USD
2019-11-15 price VEA                                71.21 USD
2019-11-15 price VHT                               268.13 USD
2019-11-15 price GLD                                71.25 USD
2019-11-22 price VBMPX                             178.64 USD
2019-11-22 price RGAGX                             231.72 USD
2019-11-22 price ITOT                              169.82 USD
2019-11-22 price VEA                                71.28 USD
2019-11-22 price VHT                               264.34 USD
2019-11-22 price GLD                                72.64 USD
2019-11-29 price VBMPX                             180.15 USD
2019-11-29 price RGAGX                             230.35 USD
2019-11-29 price ITOT                              168.46 USD
2019-11-29 price VEA                                70.61 USD
2019-11-29 price VHT                               266.18 USD
2019-11-29 price GLD                                72.18 USD
2019-12-06 price VBMPX                             181.13 USD
2019-12-06 price RGAGX                             234.73 USD
2019-12-06 price ITOT                              167.69 USD
2019-12-06 price VEA                                70.44 USD
2019-12-06 price VHT                               270.14 USD
2019-12-06 price GLD                                73.15 USD
2019-12-13 price VBMPX                             183.66 USD
2019-12-13 price RGAGX                             236.63 USD
2019-12-13 price ITOT                              167.37 USD
2019-12-13 price VEA                                70.63 USD
2019-12-13 price VHT                               269.34 USD
2019-12-13 price GLD                                74.84 USD
2019-12-20 price VBMPX                             187.20 USD
2019-12-20 price RGAGX                             238.71 USD
2019-12-20 price ITOT                              166.87 USD
2019-12-20 price VEA                                70.75 USD
2019-12-20 price VHT                               269.30 USD
2019-12-20 price GLD                                76.73 USD
2019-12-27 price VBMPX                             186.49 USD
2019-12-27 price RGAGX                             236.73 USD
2019-12-27 price ITOT                              167.39 USD
2019-12-27 price VEA                                71.07 USD
2019-12-27 price VHT                               269.14 USD
2019-12-27 price GLD                                76.60 USD
2020-01-03 price VBMPX                             187.77 USD
2020-01-03 price RGAGX                             240.33 USD
2020-01-03 price ITOT                              166.93 USD
2020-01-03 price VEA                                71.61 USD
2020-01-03 price VHT                               270.48 USD
2020-01-03 price GLD                                78.34 USD
2020-01-10 price VBMPX                             190.22 USD
2020-01-10 price RGAGX                             238.60 USD
2020-01-10 price ITOT                              164.55 USD
2020-01-10 price VEA                                70.88 USD
2020-01-10 price VHT                               270.61 USD
2020-01-10 price GLD                                77.57 USD
2020-01-17 price VBMPX                             186.93 USD
2020-01-17 price RGAGX                             240.29 USD
2020-01-17 price ITOT                              164.55 USD
2020-01-17 price VEA                                69.92 USD
2020-01-17 price VHT                               271.15 USD
2020-01-17 price GLD                                77.66 USD
2020-01-24 price VBMPX                             185.59 USD
2020-01-24 price RGAGX                             239.32 USD
2020-01-24 price ITOT                              164.31 USD
2020-01-24 price VEA                                69.99 USD
2020-01-24 price VHT                               269.34 USD
2020-01-24 price GLD                                77.51 USD
2020-01-31 price VBMPX                             186.95 USD
2020-01-31 price RGAGX                             238.91 USD
2020-01-31 price ITOT                              165.12 USD
2020-01-31 price VEA                                70.50 USD
2020-01-31 price VHT                               269.72 USD
2020-01-31 price GLD                                75.59 USD
2020-02-07 price VBMPX                             186.33 USD
2020-02-07 price RGAGX                             242.09 USD
2020-02-07 price ITOT                              166.20 USD
2020-02-07 price VEA                                71.02 USD
2020-02-07 price VHT                               269.36 USD
2020-02-07 price GLD                                75.89 USD
2020-02-14 price VBMPX                             190.12 USD
2020-02-14 price RGAGX                             237.52 USD
2020-02-14 price ITOT                              164.66 USD
2020-02-14 price VEA                                71.39 USD
2020-02-14 price VHT                               267.44 USD
2020-02-14 price GLD                                76.02 USD
2020-02-21 price VBMPX                             194.56 USD
2020-02-21 price RGAGX                             240.07 USD
2020-02-21 price ITOT                              166.22 USD
2020-02-21 price VEA                                70.93 USD
2020-02-21 price VHT                               266.58 USD
2020-02-21 price GLD                                74.90 USD
2020-02-28 price VBMPX                             194.01 USD
2020-02-28 price RGAGX                             239.15 USD
2020-02-28 price ITOT                              166.13 USD
2020-02-28 price VEA                                71.42 USD
2020-02-28 price VHT                               269.65 USD
2020-02-28 price GLD                                75.46 USD
2020-03-06 price VBMPX                             193.28 USD
2020-03-06 price RGAGX                             241.73 USD
2020-03-06 price ITOT                              165.25 USD
2020-03-06 price VEA                                72.79 USD
2020-03-06 price VHT                               270.66 USD
2020-03-06 price GLD                                75.03 USD
2020-03-13 price VBMPX                             194.10 USD
2020-03-13 price RGAGX                             242.37 USD
2020-03-13 price ITOT                              166.05 USD
2020-03-13 price VEA                                73.27 USD
2020-03-13 price VHT                               270.40 USD
2020-03-13 price GLD                                76.75 USD
2020-03-20 price VBMPX                             192.51 USD
2020-03-20 price RGAGX                             241.41 USD
2020-03-20 price ITOT                              165.26 USD
2020-03-20 price VEA                                73.55 USD
2020-03-20 price VHT                               278.02 USD
2020-03-20 price GLD                                78.02 USD
2020-03-27 price VBMPX                             194.32 USD
2020-03-27 price RGAGX                             240.51 USD
2020-03-27 price ITOT                              163.60 USD
2020-03-27 price VEA                                73.80 USD
2020-03-27 price VHT                               281.08 USD
2020-03-27 price GLD                                78.91 USD
2020-04-03 price VBMPX                             192.01 USD
2020-04-03 price RGAGX                             239.23 USD
2020-04-03 price ITOT                              163.98 USD
2020-04-03 price VEA                                74.49 USD
2020-04-03 price VHT                               285.32 USD
2020-04-03 price GLD                                76.44 USD
2020-04-10 price VBMPX                             194.65 USD
2020-04-10 price RGAGX                             240.43 USD
2020-04-10 price ITOT                              162.69 USD
2020-04-10 price VEA                                74.74 USD
2020-04-10 price VHT                               290.48 USD
2020-04-10 price GLD                                76.36 USD
2020-04-17 price VBMPX                             196.28 USD
2020-04-17 price RGAGX                             241.12 USD
2020-04-17 price ITOT                              162.92 USD
2020-04-17 price VEA                                73.94 USD
2020-04-17 price VHT                               289.28 USD
2020-04-17 price GLD                                76.02 USD
2020-04-24 price VBMPX                             198.20 USD
2020-04-24 price RGAGX                             240.99 USD
2020-04-24 price ITOT                              161.64 USD
2020-04-24 price VEA                                73.23 USD
2020-04-24 price VHT                               288.76 USD
2020-04-24 price GLD                                76.28 USD
2020-05-01 price VBMPX                             198.28 USD
2020-05-01 price RGAGX                             240.67 USD
2020-05-01 price ITOT                              162.30 USD
2020-05-01 price VEA                                73.37 USD
2020-05-01 price VHT                               293.26 USD
2020-05-01 price GLD                                73.87 USD
2020-05-08 price VBMPX                             198.81 USD
2020-05-08 price RGAGX                             240.31 USD
2020-05-08 price ITOT                              160.09 USD
2020-05-08 price VEA                                73.82 USD
2020-05-08 price VHT                               288.46 USD
2020-05-08 price GLD                                74.56 USD
2020-05-15 price VBMPX                             199.57 USD
2020-05-15 price RGAGX                             239.89 USD
2020-05-15 price ITOT                              160.59 USD
2020-05-15 price VEA                                73.80 USD
2020-05-15 price VHT                               283.05 USD
2020-05-15 price GLD                                76.74 USD
2020-05-22 price VBMPX                             198.86 USD
2020-05-22 price RGAGX                             240.99 USD
2020-05-22 price ITOT                              160.84 USD
2020-05-22 price VEA                                74.00 USD
2020-05-22 price VHT                               286.46 USD
2020-05-22 price GLD                                78.47 USD
2020-05-29 price VBMPX                             198.49 USD
2020-05-29 price RGAGX                             241.34 USD
2020-05-29 price ITOT                              160.81 USD
2020-05-29 price VEA                                74.41 USD
2020-05-29 price VHT                               292.03 USD
2020-05-29 price GLD                                75.61 USD
2020-06-05 price VBMPX                             199.97 USD
2020-06-05 price RGAGX                             238.67 USD
2020-06-05 price ITOT                              159.47 USD
2020-06-05 price VEA                                73.74 USD
2020-06-05 price VHT                               292.79 USD
2020-06-05 price GLD                                76.50 USD
2020-06-12 price VBMPX                             198.22 USD
2020-06-12 price RGAGX                             237.51 USD
2020-06-12 price ITOT                              159.68 USD
2020-06-12 price VEA                                73.80 USD
2020-06-12 price VHT                               296.25 USD
2020-06-12 price GLD                                74.83 USD
2020-06-19 price VBMPX                             201.62 USD
2020-06-19 price RGAGX                             237.70 USD
2020-06-19 price ITOT                              157.70 USD
2020-06-19 price VEA                                73.67 USD
2020-06-19 price VHT                               299.12 USD
2020-06-19 price GLD                                72.94 USD
2020-06-26 price VBMPX                             201.05 USD
2020-06-26 price RGAGX                             239.70 USD
2020-06-26 price ITOT                              158.36 USD
2020-06-26 price VEA                                73.89 USD
2020-06-26 price VHT                               296.19 USD
2020-06-26 price GLD                                73.07 USD
2020-07-03 price VBMPX                             201.67 USD
2020-07-03 price RGAGX                             239.24 USD
2020-07-03 price ITOT                              160.14 USD
2020-07-03 price VEA                                73.67 USD
2020-07-03 price VHT                               302.25 USD
2020-07-03 price GLD                                72.12 USD
2020-07-10 price VBMPX                             196.46 USD
2020-07-10 price RGAGX                             236.10 USD
2020-07-10 price ITOT                              162.18 USD
2020-07-10 price VEA                                73.25 USD
2020-07-10 price VHT                               300.35 USD
2020-07-10 price GLD                                71.10 USD
2020-07-17 price VBMPX                             196.42 USD
2020-07-17 price RGAGX                             237.03 USD
2020-07-17 price ITOT                              160.99 USD
2020-07-17 price VEA                                73.07 USD
2020-07-17 price VHT                               300.40 USD
2020-07-17 price GLD                                70.39 USD
2020-07-24 price VBMPX                             198.55 USD
2020-07-24 price RGAGX                             236.86 USD
2020-07-24 price ITOT                              162.71 USD
2020-07-24 price VEA                                72.04 USD
2020-07-24 price VHT                               296.74 USD
2020-07-24 price GLD                                69.41 USD
2020-07-31 price VBMPX                             198.76 USD
2020-07-31 price RGAGX                             235.15 USD
2020-07-31 price ITOT                              163.56 USD
2020-07-31 price VEA                                70.91 USD
2020-07-31 price VHT                               300.23 USD
2020-07-31 price GLD                                68.70 USD
2020-08-07 price VBMPX                             203.60 USD
2020-08-07 price RGAGX                             235.80 USD
2020-08-07 price ITOT                              162.00 USD
2020-08-07 price VEA                                71.06 USD
2020-08-07 price VHT                               298.67 USD
2020-08-07 price GLD                                70.21 USD
2020-08-14 price VBMPX                             202.57 USD
2020-08-14 price RGAGX                             230.10 USD
2020-08-14 price ITOT                              161.55 USD
2020-08-14 price VEA                                70.79 USD
2020-08-14 price VHT                               294.79 USD
2020-08-14 price GLD                                70.93 USD
2020-08-21 price VBMPX                             202.42 USD
2020-08-21 price RGAGX                             230.04 USD
2020-08-21 price ITOT                              161.62 USD
2020-08-21 price VEA                                70.87 USD
2020-08-21 price VHT                               289.70 USD
2020-08-21 price GLD                                68.06 USD
2020-08-28 price VBMPX                             204.63 USD
2020-08-28 price RGAGX                             231.58 USD
2020-08-28 price ITOT                              162.85 USD
2020-08-28 price VEA                                71.91 USD
2020-08-28 price VHT                               288.26 USD
2020-08-28 price GLD                                67.46 USD
2020-09-04 price VBMPX                             205.38 USD
2020-09-04 price RGAGX                             233.48 USD
2020-09-04 price ITOT                              162.84 USD
2020-09-04 price VEA                                71.54 USD
2020-09-04 price VHT                               292.10 USD
2020-09-04 price GLD                                66.02 USD
2020-09-11 price VBMPX                             207.05 USD
2020-09-11 price RGAGX                             232.52 USD
2020-09-11 price ITOT                              162.88 USD
2020-09-11 price VEA                                71.56 USD
2020-09-11 price VHT                               290.10 USD
2020-09-11 price GLD                                66.04 USD
2020-09-18 price VBMPX                             206.49 USD
2020-09-18 price RGAGX                             232.82 USD
2020-09-18 price ITOT                              161.78 USD
2020-09-18 price VEA                                70.56 USD
2020-09-18 price VHT                               286.63 USD
2020-09-18 price GLD                                65.20 USD
2020-09-25 price VBMPX                             206.69 USD
2020-09-25 price RGAGX                             234.81 USD
2020-09-25 price ITOT                              162.48 USD
2020-09-25 price VEA                                70.70 USD
2020-09-25 price VHT                               285.71 USD
2020-09-25 price GLD                                64.68 USD
2020-10-02 price VBMPX                             208.59 USD
2020-10-02 price RGAGX                             234.29 USD
2020-10-02 price ITOT                              160.90 USD
2020-10-02 price VEA                                70.43 USD
2020-10-02 price VHT                               283.19 USD
2020-10-02 price GLD                                68.20 USD
2020-10-09 price VBMPX                             211.47 USD
2020-10-09 price RGAGX                             239.64 USD
2020-10-09 price ITOT                              161.34 USD
2020-10-09 price VEA                                70.65 USD
2020-10-09 price VHT                               280.88 USD
2020-10-09 price GLD                                66.95 USD
2020-10-16 price VBMPX                             208.77 USD
2020-10-16 price RGAGX                             239.62 USD
2020-10-16 price ITOT                              160.14 USD
2020-10-16 price VEA                                71.49 USD
2020-10-16 price VHT                               286.01 USD
2020-10-16 price GLD                                67.86 USD



* Cash

